%% This BibTeX bibliography file was created using BibDesk.
%% http://bibdesk.sourceforge.net/


%% Created for Ferenc Huszar at 2012-10-17 19:38:01 +0100 


%% Saved with string encoding Unicode (UTF-8) 



@article{Eaton1996,
	Author = {Eaton, M.L. and Giovagnoli, A. and Sebastiani, P.},
	Date-Added = {2012-10-17 18:37:59 +0000},
	Date-Modified = {2012-10-17 18:38:00 +0000},
	Journal = {Biometrika},
	Number = {1},
	Pages = {111--125},
	Publisher = {Biometrika Trust},
	Title = {A predictive approach to the Bayesian design problem with application to normal regression models},
	Volume = {83},
	Year = {1996}}

@article{Gneiting2007,
	Author = {Gneiting, T. and Raftery, A.E.},
	Date-Added = {2012-10-17 18:34:40 +0000},
	Date-Modified = {2012-10-17 18:34:41 +0000},
	Journal = {Journal of the American Statistical Association},
	Number = {477},
	Pages = {359--378},
	Publisher = {American Statistical Association},
	Title = {Strictly proper scoring rules, prediction, and estimation},
	Volume = {102},
	Year = {2007}}

@article{Dawid2007,
	Author = {Dawid, A.P.},
	Date-Added = {2012-10-17 18:29:26 +0000},
	Date-Modified = {2012-10-17 18:29:33 +0000},
	Journal = {Annals of the Institute of Statistical Mathematics},
	Number = {1},
	Pages = {77--93},
	Publisher = {Springer},
	Title = {The geometry of proper scoring rules},
	Volume = {59},
	Year = {2007}}

@unpublished{Good1971,
	Author = {Good, Irving John},
	Date-Added = {2012-10-17 18:24:40 +0000},
	Date-Modified = {2012-10-17 18:27:33 +0000},
	Note = {discussion paper},
	Title = {discussion of Proper Scores for Probability Forecasters by Hendrickson and Buehler},
	Year = {1971}}

@article{Spiegelhalter2006,
	Author = {Spiegelhalter, D.J.},
	Date-Added = {2012-10-17 18:16:53 +0000},
	Date-Modified = {2012-10-17 18:16:55 +0000},
	Journal = {Statistics in Medicine},
	Number = {5},
	Pages = {421--433},
	Publisher = {Wiley Online Library},
	Title = {Probabilistic prediction in patient management and clinical trials},
	Volume = {5},
	Year = {2006}}

@article{Redelmeier1991,
	Author = {Redelmeier, D.A. and Bloch, D.A. and Hickam, D.H.},
	Date-Added = {2012-10-17 18:15:46 +0000},
	Date-Modified = {2012-10-17 18:15:47 +0000},
	Journal = {Journal of Clinical Epidemiology},
	Number = {11},
	Pages = {1141--1146},
	Publisher = {Elsevier},
	Title = {Assessing predictive accuracy: how to compare Brier scores},
	Volume = {44},
	Year = {1991}}

@article{Ferro2007,
	Author = {Ferro, C.A.T.},
	Date-Added = {2012-10-17 18:13:03 +0000},
	Date-Modified = {2012-10-17 18:13:04 +0000},
	Journal = {Weather and Forecasting},
	Number = {5},
	Pages = {1076--1088},
	Title = {Comparing probabilistic forecasting systems with the Brier score},
	Volume = {22},
	Year = {2007}}

@article{Brier1950,
	Author = {Brier, G.W.},
	Date-Added = {2012-10-17 18:06:57 +0000},
	Date-Modified = {2012-10-17 18:07:01 +0000},
	Journal = {Monthly weather review},
	Number = {1},
	Pages = {1--3},
	Title = {Verification of forecasts expressed in terms of probability},
	Volume = {78},
	Year = {1950}}

@inproceedings{Csiszar2004,
	Author = {Csisz{\'a}r, I. and Talata, Z.},
	Booktitle = {Information Theory, 2004. ISIT 2004. Proceedings. International Symposium on},
	Date-Added = {2012-10-17 18:06:06 +0000},
	Date-Modified = {2012-10-17 18:06:07 +0000},
	Organization = {IEEE},
	Pages = {170},
	Title = {Consistent estimation of the basic neighborhood of Markov random fields},
	Year = {2004}}

@article{Comets1992,
	Author = {Comets, F.},
	Date-Added = {2012-10-17 18:00:29 +0000},
	Date-Modified = {2012-10-17 18:00:30 +0000},
	Journal = {The Annals of Statistics},
	Pages = {455--468},
	Publisher = {JSTOR},
	Title = {On consistency of a class of estimators for exponential families of Markov random fields on the lattice},
	Year = {1992}}

@article{Hyvarinen2006,
	Author = {Hyv{\"a}rinen, A.},
	Date-Added = {2012-10-17 17:57:12 +0000},
	Date-Modified = {2012-10-17 17:57:13 +0000},
	Journal = {Neural Computation},
	Number = {10},
	Pages = {2283--2292},
	Publisher = {MIT Press},
	Title = {Consistency of pseudolikelihood estimation of fully visible Boltzmann machines},
	Volume = {18},
	Year = {2006}}

@inproceedings{Poczos2011,
	Author = {P{\'o}czos, B. and Schneider, J.},
	Booktitle = {Proc. 14th Int. Conf. AI and Stat.(Fort Lauderdale, FL, 11--13 April 2011,)},
	Date-Added = {2012-10-17 17:56:03 +0000},
	Date-Modified = {2012-10-17 17:56:04 +0000},
	Pages = {609--17},
	Title = {On the estimation of $\alpha$-divergences},
	Year = {2011}}

@article{Besag1977,
	Author = {Besag, J.},
	Date-Added = {2012-10-17 17:50:36 +0000},
	Date-Modified = {2012-10-17 17:50:38 +0000},
	Journal = {Biometrika},
	Pages = {616--618},
	Publisher = {JSTOR},
	Title = {Efficiency of pseudolikelihood estimation for simple Gaussian fields},
	Year = {1977}}

@article{Dawid2012,
	Author = {Dawid, A.P. and Lauritzen, S. and Parry, M.},
	Date-Added = {2012-10-17 06:51:46 +0000},
	Date-Modified = {2012-10-17 06:51:48 +0000},
	Journal = {The Annals of Statistics},
	Number = {1},
	Pages = {593--608},
	Publisher = {Institute of Mathematical Statistics},
	Title = {Proper local scoring rules on discrete sample spaces},
	Volume = {40},
	Year = {2012}}

@article{Parry2012,
	Author = {Matthew Parry and A. Philip Dawid and Steffen Lauritzen},
	Date-Added = {2012-10-17 06:47:00 +0000},
	Date-Modified = {2012-10-17 06:48:17 +0000},
	Journal = {Annals of Statistics},
	Number = {1},
	Pages = {561-592},
	Title = {Proper local scoring rules},
	Volume = {40},
	Year = {2012}}

@book{MacKay2002,
	Address = {New York, NY, USA},
	Author = {MacKay, David J. C.},
	Date-Added = {2012-10-17 06:35:56 +0000},
	Date-Modified = {2012-10-17 06:35:58 +0000},
	Isbn = {0521642981},
	Publisher = {Cambridge University Press},
	Title = {Information Theory, Inference \& Learning Algorithms},
	Year = {2002}}

@article{Shannon1948,
	Added-At = {2012-07-13T11:58:17.000+0200},
	Author = {Shannon, Claude E.},
	Biburl = {http://www.bibsonomy.org/bibtex/27260eb4c77ccb9aa5f7ada66cffbbf59/jabreftest},
	Date-Added = {2012-10-17 06:34:05 +0000},
	Date-Modified = {2012-10-17 06:34:36 +0000},
	File = {Shannon1948.pdf:1948/Shannon1948.pdf:PDF},
	Groups = {public},
	Interhash = {754130207906fcec16a53d330eeff348},
	Intrahash = {7260eb4c77ccb9aa5f7ada66cffbbf59},
	Journal = {Bell System Technical Journal},
	Keywords = {jabref:noKeywordAssigned},
	Pages = {379--423},
	Timestamp = {2012-07-13T11:58:17.000+0200},
	Title = {A mathematical theory of communication},
	Username = {jabreftest},
	Volume = 27,
	Year = 1948}

@inproceedings{Geman1986,
	Author = {Geman, S. and Graffigne, C.},
	Booktitle = {Proceedings of the International Congress of Mathematicians},
	Date-Added = {2012-10-17 06:31:36 +0000},
	Date-Modified = {2012-10-17 06:34:36 +0000},
	Organization = {AMS, Providence, RI},
	Pages = {2},
	Title = {Markov random field image models and their applications to computer vision},
	Volume = {1},
	Year = {1986}}
