@book{bishop2006,
  title={Pattern recognition and machine learning},
  author={Bishop, C.M. and SpringerLink (Online service)},
  volume={4},
  year={2006},
  publisher={Springer New York}
}

@inproceedings{golovin2010,
  title={Adaptive submodularity: A new approach to active learning and stochastic optimization},
  author={Golovin, D. and Krause, A.},
  booktitle={Proceedings of International Conference on Learning Theory (COLT)},
  year={2010},
  organization={Citeseer}
}

@inproceedings{dasgupta2005,
  title={Analysis of a greedy active learning strategy},
  author={Dasgupta, S.},
  booktitle={Advances in Neural Information Processing Systems 17: Proceedings Of The 2004 Conference},
  year={2005}
}

@inproceedings{chu2005,
  title={Preference learning with Gaussian processes},
  author={Chu, W. and Ghahramani, Z.},
  booktitle={Proceedings of the 22nd international conference on Machine learning},
  pages={137--144},
  year={2005},
  organization={ACM}
}

@article{rasmussen2005,
  title={Gaussian Processes for Machine Learning},
  author={Rasmussen, C.E. and Williams, C.K.I.},
  year={2005},
  publisher={The MIT Press}
}

@article{krishnapuram2004,
  title={On semi-supervised classification},
  author={Krishnapuram, B. and Williams, D. and Xue, Y. and Hartemink, A. and Carin, L. and Figueiredo, M.},
  journal={Advances in neural information processing systems},
  volume={17},
  pages={721--728},
  year={2004},
  publisher={Citeseer}
}

@inproceedings{zhu2003,
  title={Semi-supervised learning using gaussian fields and harmonic functions},
  author={Zhu, X. and Ghahramani, Z. and Lafferty, J.},
  booktitle={Proceedings of the 20th international conference on Machine learning},
  volume={20},
  number={2},
  pages={912},
  year={2003}
}

@inproceedings{krause2007,
  title={Nonmyopic active learning of gaussian processes: an exploration-exploitation approach},
  author={Krause, A. and Guestrin, C.},
  booktitle={Proceedings of the 24th international conference on Machine learning},
  pages={449--456},
  year={2007},
  organization={ACM}
}


@inproceedings{krause2006,
  title={Near-optimal sensor placements: Maximizing information while minimizing communication cost},
  author={Krause, A. and Guestrin, C. and Gupta, A. and Kleinberg, J.},
  booktitle={Proceedings of the 5th international conference on Information processing in sensor networks},
  pages={2--10},
  year={2006},
  organization={ACM}
}

@CONFERENCE{guestrin2005,
author = {Guestrin, Carlos and Krause, Andreas and Singh, Ajit Paul},
title = {Near-optimal sensor placements in Gaussian processes},
booktitle = {Proceedings of the 22nd international conference on
Machine learning},
year = {2005},
series = {ICML '05},
pages = {265--272},
address = {New York, NY, USA},
publisher = {ACM},
acmid = {1102385},
doi = {http://doi.acm.org/10.1145/1102351.1102385},
isbn = {1-59593-180-5},
location = {Bonn, Germany},
numpages = {8},
url = {http://doi.acm.org/10.1145/1102351.1102385}
}

@book{fuhrmann2003,
  title={Active Testing Surveillance Systems, or, Playing Twenty Questions with a Radar},
  author={Fuhrmann, D.R.},
  year={2003},
  publisher={Defense Technical Information Center}
}

@INCOLLECTION{ertin2003,
author = {Ertin, Emre and Fisher, John and Potter, Lee},
title = {Maximum Mutual Information Principle for Dynamic Sensor
Query Problems},
booktitle = {Information Processing in Sensor Networks},
series = {Lecture Notes in Computer Science},
editor = {Zhao, Feng and Guibas, Leonidas},
publisher = {Springer Berlin / Heidelberg},
pages = {558-558},
volume = {2634},
url = {http://dx.doi.org/10.1007/3-540-36978-3-27},
note = {10.1007/3-540-36978-3-27},
year = {2003}
}

@article{huang2010,
  title={Active Learning by Querying Informative and Representative Examples},
  author={Huang, S.J. and Jin, R. and Zhou, Z.H.},
  journal={Advances in neural information processing systems},
  volume={23},
  pages={892--900},
  year={2010}
}

@inproceedings{dasgupta2008,
  title={Hierarchical sampling for active learning},
  author={Dasgupta, S. and Hsu, D.},
  booktitle={Proceedings of the 25th international conference on Machine learning},
  pages={208--215},
  year={2008},
  organization={ACM}
}

@book{coverandthomas,
  title={Elements of information theory},
  author={Cover, T.M. and Thomas, J.A. and Wiley, J. and others},
  volume={6},
  year={1991},
  publisher={Wiley Online Library}
}

@inproceedings{kapoor2007,
  title={Selective supervision: Guiding supervised learning with decision-theoretic active learning},
  author={Kapoor, A. and Horvitz, E. and Basu, S.},
  booktitle={International Joint Conference on Artificial Intelligence (IJCAI)},
  year={2007}
}

@inproceedings{lawrence2004,
    author = {Lawrence, Neil D. and Platt, John C.},
    booktitle = {ICML 2004},
    pages = {65+},
    title = {{Learning to learn with the informative vector machine}},
    year = {2004}
}
@INPROCEEDINGS{kuss05,
    author = {M. Kuss and C. E. Rasmussen},
    title = {Assesing approximations for Gaussian Process classification},
    booktitle = {NIPS},
    year = {2005},
    publisher = {MIT Press}
}
@inproceedings{roy2001,
 author = {Roy, Nicholas and McCallum, Andrew},
 title = {Toward Optimal Active Learning through Sampling Estimation of Error Reduction},
 booktitle = {ICML},
 year = {2001},
 pages = {441--448},
} 

@article{lindley1956,
  title={{On a measure of the information provided by an experiment}},
  author={Lindley, D.V.},
  journal={The Annals of Mathematical Statistics},
  volume={27},
  number={4},
  pages={986--1005},
  year={1956},
  publisher={JSTOR}
}

@article{jaynes1986,
  title={{Bayesian methods: general background}},
  author={Jaynes, E.T.},
  journal={Maximum Entropy and Bayesian Methods in Applied Statistics},
 volume={ed. J.H.Justice}
year={1986}
 publisher={C.U.P.}
}

@article{macKay1992,
  title={{Information-based objective functions for active data selection}},
  author={MacKay, D.J.C.},
  journal={Neural computation},
  volume={4},
  number={4},
  pages={590--604},
  year={1992},
  publisher={MIT Press}
}

@article{myung2009,
  title={{Optimal experimental design for model discrimination}},
  author={Myung, J.I. and Pitt, M.A.},
  journal={Psychological review},
  volume={116},
  number={3},
  pages={499},
  year={2009},
  publisher={NIH Public Access}
}

@article{panzeri2007,
  title={{Correcting for the sampling bias problem in spike train information measures}},
  author={Panzeri, S., Senatore, R., Montemurro, M.A. and Petersen, R.S.},
  journal={Journal of neurophysiology},
  volume={98},
  number={3},
  pages={1064},
  year={2007},
  publisher={Am Physiological Soc}
}

@article{bernardo1979,
  title={{Expected information as expected utility}},
  author={Bernardo, J.M.},
  journal={The Annals of Statistics},
  volume={7},
  number={3},
  pages={686--690},
  year={1979},
  publisher={JSTOR}
}

@article{tong2001,
  author = "S. Tong and D. Koller",
  title = "Support vector machine active learning with applications to text classification",
  journal = "Journal of Machine Learning Research",
  volume = 2,
  pages = "45--66",
  year = 2001,
}

@conference{seung1992,
  title={{Query by committee}},
  author={Seung, HS and Opper, M. and Sompolinsky, H.},
  booktitle={COLT},
  pages={287--294},
  year={1992},
  organization={ACM}
}

@article{chaloner1995,
  title={{Bayesian experimental design: A review}},
  author={Chaloner, K. and Verdinelli, I.},
  journal={Statistical Science},
  volume={10},
  number={3},
  pages={273--304},
  year={1995},
  publisher={JSTOR}
}

@article{seung1997,
  title={{Selective sampling using the query by committee algorithm}},
  author={Freund, Y. and Seung, H.S. and Shamir, E. and Tishby, N.},
  journal={Machine Learning},
  volume={28},
  number={2},
  pages={133--168},
  year={1997},
  publisher={Springer}
}

@INPROCEEDINGS{EnglesonDagan1995,
    author = {Ido Dagan and Sean P. Engelson},
    title = {Committee-Based Sampling For Training Probabilistic Classifiers},
    booktitle = {ICML},
    year = {1995},
    pages = {150--157},
    publisher = {Morgan Kaufmann}
}

@ARTICLE{Argamon-Engelson99committee-basedsample,
    author = {S. Argamon-Engelson and I. Dagan},
    title = {Committee-Based Sample Selection For Probabilistic Classifiers},
    journal = {Journal of Artificial Intelligence Research},
    year = {1999},
    volume = {11},
    pages = {335--360}
}

@inproceedings{McCallumNigam1998,
 author = {McCallum, A. and Nigam, K.},
 title = {Employing EM and Pool-Based Active Learning for Text Classification},
 booktitle = {ICML},
 year = {1998},
 pages = {350--358},
 numpages = {9},
 acmid = {757765},
 publisher = {Morgan Kaufmann Publishers Inc.},
 address = {San Francisco, CA, USA},
}

@conference{lawrence2001,
  title={{A sparse Bayesian compression scheme-the informative vector machine}},
  author={Lawrence, N.D. and Herbrich, R.},
  booktitle={NIPS 2001 workshop on kernel methods},
  year={2001},
  organization={Citeseer}
}

@conference{chu2005preference,
  title={{Preference learning with Gaussian processes}},
  author={Chu, W. and Ghahramani, Z.},
  booktitle={ICML},
  pages={137--144},
  year={2005},
  organization={ACM}
}

@article{st1975d,
  title={{D-optimality for regression designs: a review}},
  author={St. John, R.C. and Draper, N.R.},
  journal={Technometrics},
  volume={17},
  number={1},
  pages={15--23},
  year={1975},
  publisher={JSTOR}
}
@article{jacroux1992optimality,
  title={{On the A-optimality of block designs}},
  author={Jacroux, M.},
  journal={Journal of Statistical Planning and Inference},
  volume={32},
  number={3},
  pages={401--415},
  year={1992},
  publisher={Elsevier}
}
@article{shewry1987maximum,
  title={{Maximum entropy sampling}},
  author={Shewry, M.C. and Wynn, H.P.},
  journal={Journal of Applied Statistics},
  volume={14},
  number={2},
  pages={165--170},
  year={1987},
  publisher={Taylor \& Francis}
}
@article{sebastiani2000,
  title={{Maximum entropy sampling and optimal Bayesian experimental design}},
  author={Sebastiani, P. and Wynn, H.P.},
  journal={Journal of the Royal Statistical Society: Series B (Statistical Methodology)},
  volume={62},
  number={1},
  pages={145--157},
  year={2000},
  publisher={John Wiley \& Sons}
}

