%% This BibTeX bibliography file was created using BibDesk.
%% http://bibdesk.sourceforge.net/


%% Created for Ferenc Huszar at 2013-05-19 16:12:52 +0100 


%% Saved with string encoding Unicode (UTF-8) 



@url{LIACCRepository,
	Author = {Lu{\'\i}s Torgo},
	Date-Added = {2013-05-19 11:08:24 +0000},
	Date-Modified = {2013-05-19 11:16:31 +0000},
	Lastchecked = {19 May 2013},
	Title = {{LIACC} Machine Learning Repository},
	Url = {http://www.sciencedirect.com/science/article/pii/0003491689903229},
	Urldate = {1 Jan 2011},
	Year = {2013},
	Bdsk-Url-1 = {http://www.sciencedirect.com/science/article/pii/0003491689903229}}

@article{Platt1999,
	Author = {Platt, Michael L and Glimcher, Paul W},
	Date-Added = {2013-05-19 09:44:53 +0000},
	Date-Modified = {2013-05-19 09:45:02 +0000},
	Journal = {Nature},
	Number = {6741},
	Pages = {233--238},
	Publisher = {Nature Publishing Group},
	Title = {Neural correlates of decision variables in parietal cortex},
	Volume = {400},
	Year = {1999}}

@inproceedings{Huszar10,
	Author = {F Husz\'ar and U Noppeney and M Lengyel},
	Booktitle = {Proceedings of the Thirty-Second Annual Conference of the Cognitive Science Society},
	Date-Added = {2013-05-19 09:43:06 +0000},
	Date-Modified = {2013-05-19 09:43:11 +0000},
	Pages = {2810-2815},
	Title = {Mind reading by machine learning: a doubly {Bayesian} method for inferring mental representations},
	Year = {2010}}

@book{Fechner1860,
	Author = {Gustav Theodor Fechner},
	Date-Added = {2013-05-19 09:38:50 +0000},
	Date-Modified = {2013-05-19 09:40:34 +0000},
	Publisher = {Breitkopf and H\:{a}rtel},
	Title = {Elemente der Psychophysik (Elements of Psychophysics)},
	Year = {1860}}

@misc{UCIRepository,
	Author = {K. Bache and M. Lichman},
	Date-Added = {2013-05-18 15:18:53 +0000},
	Date-Modified = {2013-05-18 15:19:06 +0000},
	Institution = {University of California, Irvine, School of Information and Computer Sciences},
	Title = {{UCI} Machine Learning Repository},
	Url = {http://archive.ics.uci.edu/ml},
	Year = {2013},
	Bdsk-Url-1 = {http://archive.ics.uci.edu/ml}}

@article{Hong1991,
	Author = {Hong, Zi-Quan and Yang, Jing-Yu},
	Date-Added = {2013-05-18 15:18:06 +0000},
	Date-Modified = {2013-05-18 15:18:11 +0000},
	Journal = {pattern recognition},
	Number = {4},
	Pages = {317--324},
	Publisher = {Elsevier},
	Title = {Optimal discriminant plane for a small number of samples and design method of classifier on the plane},
	Volume = {24},
	Year = {1991}}

@techreport{Dawid1994,
	Author = {Phillip Dawid},
	Date-Added = {2013-05-16 16:28:21 +0000},
	Date-Modified = {2013-05-16 16:29:00 +0000},
	Institution = {University College London},
	Number = {139},
	Title = {Proper measures of discrepancy uncertainty and dependence with applications to predictive experimental design.},
	Year = {1994}}

@article{jaynes1957,
	Author = {Jaynes, Edwin T},
	Date-Added = {2013-05-16 15:32:28 +0000},
	Date-Modified = {2013-05-16 15:32:36 +0000},
	Journal = {Physical review},
	Number = {4},
	Pages = {620},
	Publisher = {APS},
	Title = {Information theory and statistical mechanics},
	Volume = {106},
	Year = {1957}}

@article{quinonero2005,
	Author = {Qui{\~n}onero-Candela, Joaquin and Rasmussen, Carl Edward},
	Date-Added = {2013-05-12 16:04:56 +0000},
	Date-Modified = {2013-05-12 16:05:03 +0000},
	Journal = {The Journal of Machine Learning Research},
	Pages = {1939--1959},
	Publisher = {JMLR. org},
	Title = {A unifying view of sparse approximate Gaussian process regression},
	Volume = {6},
	Year = {2005}}

@article{csato2000,
	Author = {Csat{\'o}, Lehel and Fokou{\'e}, Ernest and Opper, Manfred and Schottky, Bernhard and Winther, Ole},
	Date-Added = {2013-05-12 16:03:56 +0000},
	Date-Modified = {2013-05-12 16:04:00 +0000},
	Publisher = {MIT Press},
	Title = {Efficient approaches to gaussian process classification},
	Year = {2000}}

@article{williams1998,
	Author = {Williams, Christopher K. I. and Barber, David},
	Date-Added = {2013-05-12 16:02:18 +0000},
	Date-Modified = {2013-05-12 16:02:23 +0000},
	Journal = {Pattern Analysis and Machine Intelligence, IEEE Transactions on},
	Number = {12},
	Pages = {1342--1351},
	Publisher = {IEEE},
	Title = {Bayesian classification with Gaussian processes},
	Volume = {20},
	Year = {1998}}

@article{Goemans1995,
	Acmid = {227684},
	Address = {New York, NY, USA},
	Author = {Goemans, Michel X. and Williamson, David P.},
	Date-Added = {2013-05-06 10:34:40 +0000},
	Date-Modified = {2013-05-06 10:34:47 +0000},
	Doi = {10.1145/227683.227684},
	Issn = {0004-5411},
	Issue_Date = {Nov. 1995},
	Journal = {J. ACM},
	Keywords = {Approximation algorithms, convex optimization, randomized algorithms, satisfiability},
	Month = nov,
	Number = {6},
	Numpages = {31},
	Pages = {1115--1145},
	Publisher = {ACM},
	Title = {Improved approximation algorithms for maximum cut and satisfiability problems using semidefinite programming},
	Url = {http://doi.acm.org/10.1145/227683.227684},
	Volume = {42},
	Year = {1995},
	Bdsk-Url-1 = {http://doi.acm.org/10.1145/227683.227684},
	Bdsk-Url-2 = {http://dx.doi.org/10.1145/227683.227684}}

@inproceedings{Ji2012,
	Author = {Ji, Jianqiu and Li, Jianmin and Yan, Shuicheng and Zhang, Bo and Tian, Qi},
	Booktitle = {Advances in Neural Information Processing Systems 25},
	Date-Added = {2013-05-06 10:33:01 +0000},
	Date-Modified = {2013-05-06 10:33:08 +0000},
	Pages = {108--116},
	Title = {Super-Bit Locality-Sensitive Hashing},
	Year = {2012}}

@inproceedings{Charikar2002,
	Author = {Charikar, Moses S},
	Booktitle = {Proceedings of the thiry-fourth annual ACM symposium on Theory of computing},
	Date-Added = {2013-05-06 10:24:22 +0000},
	Date-Modified = {2013-05-06 10:24:30 +0000},
	Organization = {ACM},
	Pages = {380--388},
	Title = {Similarity estimation techniques from rounding algorithms},
	Year = {2002}}

@inproceedings{Gretton2005HSIC,
	Author = {Gretton, Arthur and Bousquet, Olivier and Smola, Alex and Sch{\"o}lkopf, Bernhard},
	Booktitle = {Algorithmic learning theory},
	Date-Added = {2013-05-06 09:57:51 +0000},
	Date-Modified = {2013-05-06 09:58:01 +0000},
	Organization = {Springer},
	Pages = {63--77},
	Title = {Measuring statistical dependence with Hilbert-Schmidt norms},
	Year = {2005}}

@article{Gretton2005COCO,
	Author = {Gretton, Arthur and Smola, Alex and Bousquet, Olivier and Herbrich, Ralf and Belitski, Andreas and Augath, Mark and Murayama, Yusuke and Pauls, Jon and Sch{\"o}lkopf, Bernhard and Logothetis, Nikos},
	Date-Added = {2013-05-06 09:52:39 +0000},
	Date-Modified = {2013-05-06 09:58:50 +0000},
	Title = {Kernel constrained covariance for dependence measurement},
	Year = {2005}}

@article{Eaton1996,
	Author = {Eaton, Morris L and Giovagnoli, Alessandra and Sebastiani, Paola},
	Date-Added = {2013-05-06 09:11:31 +0000},
	Date-Modified = {2013-05-06 09:11:37 +0000},
	Journal = {Biometrika},
	Number = {1},
	Pages = {111--125},
	Publisher = {Biometrika Trust},
	Title = {A predictive approach to the Bayesian design problem with application to normal regression models},
	Volume = {83},
	Year = {1996}}

@inbook{Eaton1982,
	Address = {New York},
	Author = {Eaton, M. L.},
	Booktitle = {Statistical Decision Theory and Related Topics III},
	Citeulike-Article-Id = {6108324},
	Date-Added = {2013-05-06 09:09:28 +0000},
	Date-Modified = {2013-05-06 09:16:33 +0000},
	Editor = {Gupta, S. S. and Berger, J. O.},
	Pages = {329--352},
	Posted-At = {2009-11-13 10:49:23},
	Priority = {2},
	Publisher = {Academic Press},
	Title = {A method for evaluating improper prior distributions.},
	Year = {1982}}

@book{Lauritzen1996,
	Author = {Lauritzen, Steffen L},
	Date-Added = {2013-04-20 09:52:38 +0000},
	Date-Modified = {2013-04-20 09:52:46 +0000},
	Publisher = {Oxford University Press},
	Title = {Graphical models},
	Volume = {17},
	Year = {1996}}

@article{Tipping1999,
	Author = {Tipping, Michael E and Bishop, Christopher M},
	Date-Added = {2013-04-20 09:51:30 +0000},
	Date-Modified = {2013-04-20 09:51:36 +0000},
	Journal = {Journal of the Royal Statistical Society: Series B (Statistical Methodology)},
	Number = {3},
	Pages = {611--622},
	Publisher = {Wiley Online Library},
	Title = {Probabilistic principal component analysis},
	Volume = {61},
	Year = {1999}}

@article{Turner2007,
	Author = {Turner, Richard and Sahani, Maneesh},
	Date-Added = {2013-04-20 09:50:33 +0000},
	Date-Modified = {2013-04-20 09:50:39 +0000},
	Journal = {Neural computation},
	Number = {4},
	Pages = {1022--1038},
	Publisher = {MIT Press},
	Title = {A maximum-likelihood interpretation for slow feature analysis},
	Volume = {19},
	Year = {2007}}

@article{Roweis1999,
	Author = {Roweis, Sam and Ghahramani, Zoubin},
	Date-Added = {2013-04-20 09:49:25 +0000},
	Date-Modified = {2013-04-20 09:49:31 +0000},
	Journal = {Neural computation},
	Number = {2},
	Pages = {305--345},
	Publisher = {MIT Press},
	Title = {A unifying review of linear Gaussian models},
	Volume = {11},
	Year = {1999}}

@article{Winn2006,
	Author = {Winn, John and Bishop, Christopher M},
	Date-Added = {2013-04-19 13:10:39 +0000},
	Date-Modified = {2013-04-19 13:10:47 +0000},
	Journal = {Journal of Machine Learning Research},
	Number = {1},
	Pages = {661},
	Publisher = {THE MIT PRESS},
	Title = {Variational message passing},
	Volume = {6},
	Year = {2006}}

@inproceedings{Lacoste2011,
	Author = {Lacoste-Julien, S and Huszar, F and Ghahramani, Z},
	Booktitle = {Proceedings of 14th International Conference on Artificial Intelligence and Statistics},
	Date-Added = {2013-04-19 10:11:27 +0000},
	Date-Modified = {2013-04-19 10:12:23 +0000},
	Journal = {Journal of Machine Learning Research -- Proceedings Track},
	Pages = {416--424},
	Title = {Approximate inference for the loss-calibrated Bayesian.},
	Volume = {15},
	Year = {2011}}

@inproceedings{gammerman1998learning,
	Author = {Gammerman, Alex and Vovk, Volodya and Vapnik, Vladimir},
	Booktitle = {Proceedings of the Fourteenth conference on Uncertainty in artificial intelligence},
	Date-Added = {2013-04-19 08:44:08 +0000},
	Date-Modified = {2013-04-19 08:44:08 +0000},
	Organization = {Morgan Kaufmann Publishers Inc.},
	Pages = {148--155},
	Title = {Learning by transduction},
	Year = {1998}}

@article{Graepel1999,
	Author = {Graepel, Thore and Herbrich, Ralf and Obermayer, Klaus},
	Date-Added = {2013-04-19 08:42:22 +0000},
	Date-Modified = {2013-04-19 08:42:29 +0000},
	Journal = {Advances in Neural Information Processing Systems},
	Pages = {456--462},
	Title = {Bayesian transduction},
	Volume = {12},
	Year = {1999}}

@phdthesis{Lizotte2008,
	Address = {Edmonton, Alta., Canada},
	Author = {Lizotte, Daniel James},
	Date-Added = {2013-04-18 13:51:39 +0000},
	Date-Modified = {2013-04-18 13:51:46 +0000},
	Isbn = {978-0-494-46365-9},
	Note = {AAINR46365},
	Publisher = {University of Alberta},
	Title = {Practical bayesian optimization},
	Year = {2008}}

@article{Jones1998,
	Acmid = {596218},
	Address = {Hingham, MA, USA},
	Author = {Jones, Donald R. and Schonlau, Matthias and Welch, William J.},
	Date-Added = {2013-04-18 13:50:35 +0000},
	Date-Modified = {2013-04-18 13:50:41 +0000},
	Doi = {10.1023/A:1008306431147},
	Issn = {0925-5001},
	Issue_Date = {December 1998},
	Journal = {J. of Global Optimization},
	Keywords = {Bayesian global optimization, Kriging, Random function, Response surface, Stochastic process, Visualization},
	Month = dec,
	Number = {4},
	Numpages = {38},
	Pages = {455--492},
	Publisher = {Kluwer Academic Publishers},
	Title = {Efficient Global Optimization of Expensive Black-Box Functions},
	Url = {http://dx.doi.org/10.1023/A:1008306431147},
	Volume = {13},
	Year = {1998},
	Bdsk-Url-1 = {http://dx.doi.org/10.1023/A:1008306431147}}

@article{Jones2001,
	Acmid = {596412},
	Address = {Hingham, MA, USA},
	Author = {Jones, Donald R.},
	Date-Added = {2013-04-18 13:44:55 +0000},
	Date-Modified = {2013-04-18 13:45:03 +0000},
	Doi = {10.1023/A:1012771025575},
	Issn = {0925-5001},
	Issue_Date = {December 2001},
	Journal = {J. of Global Optimization},
	Keywords = {global optimization, kriging, response surface, splines},
	Month = dec,
	Number = {4},
	Numpages = {39},
	Pages = {345--383},
	Publisher = {Kluwer Academic Publishers},
	Title = {A Taxonomy of Global Optimization Methods Based on Response Surfaces},
	Url = {http://dx.doi.org/10.1023/A:1012771025575},
	Volume = {21},
	Year = {2001},
	Bdsk-Url-1 = {http://dx.doi.org/10.1023/A:1012771025575}}

@inbook{Mockus1982,
	Author = {Mockus, J},
	Chapter = {The Bayesian approach to global optimizationMockus, J. The Bayesian approach to global optimization},
	Date-Added = {2013-04-18 13:33:17 +0000},
	Date-Modified = {2013-04-18 13:34:58 +0000},
	Pages = {473 -- 481},
	Publisher = {Springer},
	Title = {Systems Modeling and Optimization},
	Volume = {38},
	Year = {1982}}

@incollection{Frean2008,
	Author = {Frean, Marcus and Boyle, Phillip},
	Booktitle = {AI 2008: Advances in Artificial Intelligence},
	Date-Added = {2013-04-18 13:29:10 +0000},
	Date-Modified = {2013-04-18 13:29:17 +0000},
	Pages = {258--267},
	Publisher = {Springer},
	Title = {Using Gaussian processes to optimize expensive functions},
	Year = {2008}}

@article{Osborne2009,
	Author = {Osborne, Michael A and Garnett, Roman and Roberts, Stephen J},
	Date-Added = {2013-04-18 13:27:14 +0000},
	Date-Modified = {2013-04-18 13:27:23 +0000},
	Journal = {3rd International Conference on Learning and Intelligent Optimization (LION3)},
	Pages = {1--15},
	Title = {Gaussian processes for global optimization},
	Year = {2009}}

@article{Srinivas2009,
	Author = {Srinivas, Niranjan and Krause, Andreas and Kakade, Sham M and Seeger, Matthias},
	Date-Added = {2013-04-18 13:25:24 +0000},
	Date-Modified = {2013-04-18 13:25:32 +0000},
	Journal = {arXiv preprint arXiv:0912.3995},
	Title = {Gaussian process optimization in the bandit setting: No regret and experimental design},
	Year = {2009}}

@article{Ji2008,
	Author = {Ji, Shihao and Xue, Ya and Carin, Lawrence},
	Date-Added = {2013-04-18 10:45:54 +0000},
	Date-Modified = {2013-04-18 10:46:02 +0000},
	Journal = {Signal Processing, IEEE Transactions on},
	Number = {6},
	Pages = {2346--2356},
	Publisher = {IEEE},
	Title = {Bayesian compressive sensing},
	Volume = {56},
	Year = {2008}}

@article{Huszar2012quantum,
	Author = {Husz{\'a}r, Ferenc and Houlsby, Neil MT},
	Date-Added = {2013-04-18 10:43:35 +0000},
	Date-Modified = {2013-04-18 10:43:46 +0000},
	Journal = {Physical Review A},
	Number = {5},
	Pages = {052120},
	Publisher = {APS},
	Title = {Adaptive Bayesian quantum tomography},
	Volume = {85},
	Year = {2012}}

@article{Settles2010,
	Author = {Settles, Burr},
	Date-Added = {2013-04-18 10:42:43 +0000},
	Date-Modified = {2013-04-18 10:42:50 +0000},
	Journal = {University of Wisconsin, Madison},
	Title = {Active learning literature survey},
	Year = {2010}}

@book{Koller2009book,
	Author = {D. Koller and N. Friedman},
	Date-Added = {2013-04-18 09:10:07 +0000},
	Date-Modified = {2013-04-18 09:10:16 +0000},
	Publisher = {MIT Press},
	Title = {Probabilistic Graphical Models: Principles and Techniques},
	Year = 2009}

@inproceedings{Houlsby2012preference,
	Author = {Neil Houlsby and Jos{\'e} Miguel Hern{\'a}ndez-Lobato and Ferenc Huszar and Zoubin Ghahramani},
	Bibsource = {DBLP, http://dblp.uni-trier.de},
	Booktitle = {NIPS},
	Crossref = {DBLP:conf/nips/2012},
	Date-Added = {2013-04-18 09:00:23 +0000},
	Date-Modified = {2013-04-18 09:00:42 +0000},
	Ee = {http://books.nips.cc/papers/files/nips25/NIPS2012_1031.pdf},
	Pages = {2105-2113},
	Title = {Collaborative Gaussian Processes for Preference Learning},
	Year = {2012}}

@proceedings{DBLP:conf/nips/2012,
	Bibsource = {DBLP, http://dblp.uni-trier.de},
	Booktitle = {NIPS},
	Date-Added = {2013-04-18 09:00:23 +0000},
	Date-Modified = {2013-04-18 09:00:23 +0000},
	Editor = {Peter L. Bartlett and Fernando C. N. Pereira and Christopher J. C. Burges and L{\'e}on Bottou and Kilian Q. Weinberger},
	Ee = {http://books.nips.cc/nips25.html},
	Title = {Advances in Neural Information Processing Systems 25: 26th Annual Conference on Neural Information Processing Systems 2012. Proceedings of a meeting held December 3-6, 2012, Lake Tahoe, Nevada, United States},
	Year = {2012}}

@article{Houlsby2011,
	Author = {Houlsby, Neil and Husz{\'a}r, Ferenc and Lengyel, Mate and Ghahramani, Zoubin},
	Date-Added = {2013-04-18 08:51:51 +0000},
	Date-Modified = {2013-04-18 08:55:02 +0000},
	Journal = {arXiv preprint arXiv:1112.5745},
	Title = {Bayesian Active Learning for Classification and Preference Learning},
	Year = {2011}}

@article{Hennig2012entropy,
	Author = {Hennig, Philipp and Schuler, Christian J},
	Date-Added = {2013-04-18 08:48:50 +0000},
	Date-Modified = {2013-04-18 08:48:56 +0000},
	Journal = {The Journal of Machine Learning Research},
	Pages = {1809--1837},
	Publisher = {JMLR. org},
	Title = {Entropy search for information-efficient global optimization},
	Volume = {98888},
	Year = {2012}}

@inproceedings{Hennig2012newton,
	Author = {Hennig, P. and Kiefel, M.},
	Booktitle = {Int. Conf. on Machine Learning (ICML)},
	Date-Added = {2013-04-18 08:48:07 +0000},
	Date-Modified = {2013-04-18 08:49:04 +0000},
	Title = {Quasi-{N}ewton methods -- a new direction},
	Volume = {29},
	Year = {2012}}

@inproceedings{Zhu2003active,
	Author = {Zhu, Xiaojin and Lafferty, John and Ghahramani, Zoubin},
	Booktitle = {ICML 2003 workshop on the continuum from labeled to unlabeled data in machine learning and data mining},
	Date-Added = {2013-04-18 08:46:37 +0000},
	Date-Modified = {2013-04-18 08:46:49 +0000},
	Pages = {58--65},
	Title = {Combining active learning and semi-supervised learning using gaussian fields and harmonic functions},
	Year = {2003}}

@inproceedings{Huszar2012herding,
	Author = {Ferenc Husz\'{a}r and David Duvenaud},
	Booktitle = {Uncertainty in Artificial Intelligence},
	Date-Added = {2013-04-17 19:32:11 +0000},
	Date-Modified = {2013-04-18 10:46:37 +0000},
	Title = {Optimally-Weighted Herding is {B}ayesian Quadrature},
	Year = {2012}}

@article{Shor1997,
	Author = {Shor, Peter W},
	Date-Added = {2013-04-17 16:09:35 +0000},
	Date-Modified = {2013-04-17 16:09:45 +0000},
	Journal = {SIAM journal on computing},
	Number = {5},
	Pages = {1484--1509},
	Publisher = {SIAM},
	Title = {Polynomial-time algorithms for prime factorization and discrete logarithms on a quantum computer},
	Volume = {26},
	Year = {1997}}

@inproceedings{Shor1994,
	Author = {Shor, Peter W},
	Booktitle = {Foundations of Computer Science, 1994 Proceedings., 35th Annual Symposium on},
	Date-Added = {2013-04-17 16:08:57 +0000},
	Date-Modified = {2013-04-17 16:09:07 +0000},
	Organization = {IEEE},
	Pages = {124--134},
	Title = {Algorithms for quantum computation: discrete logarithms and factoring},
	Year = {1994}}

@article{Fano1957,
	Author = {Fano, Ugo},
	Date-Added = {2013-04-17 13:51:14 +0000},
	Date-Modified = {2013-04-17 13:51:25 +0000},
	Journal = {Reviews of Modern Physics},
	Number = {1},
	Pages = {74--93},
	Title = {Description of states in quantum mechanics by density matrix and operator techniques},
	Volume = {29},
	Year = {1957}}

@article{Teicher1961,
	Author = {Teicher, Henry},
	Date-Added = {2013-04-17 13:47:58 +0000},
	Date-Modified = {2013-04-17 13:48:08 +0000},
	Journal = {The annals of Mathematical statistics},
	Number = {1},
	Pages = {244--248},
	Publisher = {Institute of Mathematical Statistics},
	Title = {Identifiability of mixtures},
	Volume = {32},
	Year = {1961}}

@article{Pryde2004,
	Author = {Pryde, G. J. and O'Brien, J. L. and White, A. G. and Bartlett, S. D. and Ralph, T. C.},
	Date-Added = {2013-04-17 13:23:58 +0000},
	Date-Modified = {2013-04-17 13:24:06 +0000},
	Doi = {10.1103/PhysRevLett.92.190402},
	Issue = {19},
	Journal = {Phys. Rev. Lett.},
	Month = {May},
	Numpages = {4},
	Pages = {190402},
	Publisher = {American Physical Society},
	Title = {Measuring a Photonic Qubit without Destroying It},
	Url = {http://link.aps.org/doi/10.1103/PhysRevLett.92.190402},
	Volume = {92},
	Year = {2004},
	Bdsk-Url-1 = {http://link.aps.org/doi/10.1103/PhysRevLett.92.190402},
	Bdsk-Url-2 = {http://dx.doi.org/10.1103/PhysRevLett.92.190402}}

@article{Smith2006,
	Author = {Smith, Greg A. and Silberfarb, Andrew and Deutsch, Ivan H. and Jessen, Poul S.},
	Date-Added = {2013-04-17 13:21:08 +0000},
	Date-Modified = {2013-04-17 13:21:24 +0000},
	Doi = {10.1103/PhysRevLett.97.180403},
	Issue = {18},
	Journal = {Phys. Rev. Lett.},
	Month = {Oct},
	Numpages = {4},
	Pages = {180403},
	Publisher = {American Physical Society},
	Title = {Efficient Quantum-State Estimation by Continuous Weak Measurement and Dynamical Control},
	Url = {http://link.aps.org/doi/10.1103/PhysRevLett.97.180403},
	Volume = {97},
	Year = {2006},
	Bdsk-Url-1 = {http://link.aps.org/doi/10.1103/PhysRevLett.97.180403},
	Bdsk-Url-2 = {http://dx.doi.org/10.1103/PhysRevLett.97.180403}}

@article{Dirac1939,
	Author = {Dirac,P. A. M.},
	Date-Added = {2013-04-17 13:06:28 +0000},
	Date-Modified = {2013-04-17 13:06:35 +0000},
	Doi = {10.1017/S0305004100021162},
	Issn = {1469-8064},
	Issue = {03},
	Journal = {Mathematical Proceedings of the Cambridge Philosophical Society},
	Month = {6},
	Numpages = {3},
	Pages = {416--418},
	Title = {A new notation for quantum mechanics},
	Url = {http://journals.cambridge.org/article_S0305004100021162},
	Volume = {35},
	Year = {1939},
	Bdsk-Url-1 = {http://journals.cambridge.org/article_S0305004100021162},
	Bdsk-Url-2 = {http://dx.doi.org/10.1017/S0305004100021162}}

@article{Neumann2010,
	Author = {Neumann, Philipp and Beck, Johannes and Steiner, Matthias and Rempp, Florian and Fedder, Helmut and Hemmer, Philip R and Wrachtrup, J{\"o}rg and Jelezko, Fedor},
	Date-Added = {2013-04-17 09:59:41 +0000},
	Date-Modified = {2013-04-17 09:59:47 +0000},
	Journal = {Science},
	Number = {5991},
	Pages = {542--544},
	Publisher = {American Association for the Advancement of Science},
	Title = {Single-shot readout of a single nuclear spin},
	Volume = {329},
	Year = {2010}}

@article{Ladd2010,
	Author = {Ladd, Thaddeus D and Jelezko, Fedor and Laflamme, Raymond and Nakamura, Yasunobu and Monroe, Christopher and O'Brien, Jeremy L},
	Date-Added = {2013-04-17 09:58:30 +0000},
	Date-Modified = {2013-04-17 09:58:38 +0000},
	Journal = {Nature},
	Number = {7285},
	Pages = {45--53},
	Publisher = {Nature Publishing Group},
	Title = {Quantum computers},
	Volume = {464},
	Year = {2010}}

@inproceedings{stoyanov11erm,
	Address = {Fort Lauderdale, FL, USA},
	Author = {Veselin Stoyanov and Jason Eisner and Alexander Ropson},
	Booktitle = {Proceedings of the Fourteenth International Conference on Artificial Intelligence and Statistics},
	Date-Added = {2013-04-16 17:25:49 +0000},
	Date-Modified = {2013-04-16 17:25:49 +0000},
	Editor = {Geoff Gordon and David Dunson},
	Month = {April},
	Publisher = {Journal of Machine Learning Research},
	Title = {Empirical Risk Minimization of Graphical Model Parameters Given Approximate Inference, Decoding, and Model Structure},
	Volume = 15,
	Year = 2011}

@phdthesis{csato2002KLGP,
	Author = {Lehel Csat\'{o}},
	Date-Added = {2013-04-16 17:25:49 +0000},
	Date-Modified = {2013-04-16 17:25:49 +0000},
	School = {Aston University},
	Title = {{G}aussian Processes - Iterative Sparse Approximations},
	Year = {2002}}

@article{ghahramani1997fHMM,
	Author = {Zoubin Ghahramani and Michael I. Jordan},
	Date-Added = {2013-04-16 17:25:49 +0000},
	Date-Modified = {2013-04-16 17:25:49 +0000},
	Journal = {Machine Learning},
	Pages = {245--275},
	Title = {Factorial Hidden {M}arkov Models},
	Volume = {29},
	Year = {1997}}

@incollection{jordan1999var,
	Address = {Cambridge},
	Author = {M. I. Jordan and Z. Ghahramani and T. S. Jaakkola and L. K. Saul},
	Booktitle = {Learning in Graphical Models},
	Date-Added = {2013-04-16 17:25:49 +0000},
	Date-Modified = {2013-04-16 17:25:49 +0000},
	Editor = {M. I. Jordan},
	Publisher = {MIT Press},
	Title = {An introduction to variational methods for graphical models},
	Year = {1999}}

@article{wainwright08var,
	Author = {Martin J. Wainwright and Michael I. Jordan},
	Date-Added = {2013-04-16 17:25:49 +0000},
	Date-Modified = {2013-04-16 17:25:49 +0000},
	Journal = {Foundations and Trends in Machine Learning},
	Number = {1--2},
	Pages = {1--305},
	Title = {Graphical Models, Exponential Families, and Variational Inference},
	Volume = {1},
	Year = {2008}}

@book{koller09pgm,
	Author = {D. Koller and N. Friedman},
	Date-Added = {2013-04-16 17:25:49 +0000},
	Date-Modified = {2013-04-16 17:25:49 +0000},
	Publisher = {MIT Press},
	Title = {Probabilistic Graphical Models: Principles and Techniques},
	Year = 2009}

@book{bishop06pattern,
	Address = {New York},
	Author = {Christopher M. Bishop},
	Date-Added = {2013-04-16 17:25:49 +0000},
	Date-Modified = {2013-04-16 17:25:49 +0000},
	Publisher = {Springer},
	Title = {Pattern Recognition and Machine Learning},
	Year = {2006}}

@book{schervish95theory,
	Address = {New York},
	Author = {Mark J. Schervish},
	Date-Added = {2013-04-16 17:25:49 +0000},
	Date-Modified = {2013-04-16 17:25:49 +0000},
	Publisher = {Springer},
	Title = {Theory of Statistics},
	Year = {1995}}

@phdthesis{minka2001ep,
	Author = {Minka, Thomas P.},
	Date-Added = {2013-04-16 17:25:49 +0000},
	Date-Modified = {2013-04-16 17:25:49 +0000},
	School = {Massachusetts Institute of Technology},
	Title = {A family of algorithms for approximate {Bayesian} inference},
	Year = {2001}}

@article{dempster1977maximum,
	Author = {Dempster, A.P. and Laird, N.M. and Rubin, D.B.},
	Date-Added = {2013-04-16 17:25:49 +0000},
	Date-Modified = {2013-04-16 17:25:49 +0000},
	Journal = {Journal of the Royal Statistical Society. Series B (Methodological)},
	Number = {1},
	Pages = {1--38},
	Publisher = {Royal Statistical Society},
	Title = {Maximum Likelihood from Incomplete Data via the {EM} Algorithm},
	Volume = {39},
	Year = {1977}}

@article{nickisch2008gpc,
	Author = {Nickisch, H. and C. E. Rasmussen},
	Date-Added = {2013-04-16 17:25:49 +0000},
	Date-Modified = {2013-04-16 17:25:49 +0000},
	Journal = {Journal of Machine Learning Research},
	Pages = {2035--2078},
	Title = {Approximations for Binary {Gaussian} Process Classification},
	Volume = 9,
	Year = {2008}}

@techreport{dawid94scoring,
	Author = {A. P. Dawid},
	Date-Added = {2013-04-16 17:25:49 +0000},
	Date-Modified = {2013-04-16 17:25:49 +0000},
	Institution = {Department of Statistical Science at University College London},
	Note = {(revised in 1998)},
	Number = {139},
	Title = {Proper Measures of Discrepancy, Uncertainty and Dependence with Applications to Predictive Experimental Designs},
	Year = {1994}}

@article{candela05sparseGP,
	Author = {J. Qui{\`O}onero-Candela and C. E. Rasmussen},
	Date-Added = {2013-04-16 17:25:49 +0000},
	Date-Modified = {2013-04-16 17:25:49 +0000},
	Journal = {Journal of Machine Learning Research},
	Pages = {1935--1959},
	Title = {A unifying view of sparse approximate {G}aussian process regression},
	Volume = {6},
	Year = {2005}}

@phdthesis{snelson07sparseGP,
	Author = {E. Snelson},
	Date-Added = {2013-04-16 17:25:49 +0000},
	Date-Modified = {2013-04-16 17:25:49 +0000},
	School = {Gatsby Computational Neuroscience Unit, University College London},
	Title = {Flexible and efficient {G}aussian process models for machine learning},
	Year = {2007}}

@inproceedings{jaakkola99MED,
	Author = {Jaakkola, T. and Meila, M. and Jebara, T.},
	Booktitle = {Advances in Neural Information Processing Systems 12},
	Date-Added = {2013-04-16 17:25:49 +0000},
	Date-Modified = {2013-04-16 17:25:49 +0000},
	Publisher = {MIT Press, Cambridge, MA},
	Title = {Maximum entropy discrimination},
	Year = {1999}}

@article{Jebara09MED,
	Author = {Jebara, T.},
	Date-Added = {2013-04-16 17:25:49 +0000},
	Date-Modified = {2013-04-16 17:25:49 +0000},
	Journal = {Journal of Machine Learning Research},
	Pages = {75--110},
	Title = {Multitask Sparsity via {Maximum Entropy Discrimination}},
	Volume = {12},
	Year = {2011}}

@article{joachims09SVMstruct,
	Author = {T. Joachims and T. Finley and Chun-Nam Yu},
	Date-Added = {2013-04-16 17:25:49 +0000},
	Date-Modified = {2013-04-16 17:25:49 +0000},
	Journal = {Machine Learning},
	Number = 1,
	Pages = {27-59},
	Title = {Cutting-Plane Training of Structural {SVM}s},
	Volume = 77,
	Year = {2009}}

@article{sugiyama07covariate,
	Author = {Masashi Sugiyama and Matthias Krauledat and Klaus-Robert M\"{u}ller},
	Date-Added = {2013-04-16 17:25:49 +0000},
	Date-Modified = {2013-04-16 17:25:49 +0000},
	Journal = {Journal of Machine Learning Research},
	Pages = {985--1005},
	Title = {Covariate Shift Adaptation by Importance Weighted Cross Validation},
	Volume = {8},
	Year = {2007}}

@incollection{Neal2010,
	Author = {Neal, R. M.},
	Booktitle = {Handbook of Markov Chain Monte Carlo},
	Date-Added = {2013-04-16 17:25:49 +0000},
	Date-Modified = {2013-04-16 17:25:49 +0000},
	Editor = {S. Brooks, A. Gelman, G. Jones and X.-L. Meng},
	Publisher = {Chapman \& Hall / CRC Press},
	Title = {{MCMC} using {Hamiltonian} dynamics},
	Year = {2010}}

@book{robert01choice,
	Address = {New York},
	Author = {Christian P. Robert},
	Date-Added = {2013-04-16 17:25:49 +0000},
	Date-Modified = {2013-04-16 17:25:49 +0000},
	Publisher = {Springer},
	Title = {The {B}ayesian Choice},
	Year = {2001}}

@book{berger85decision,
	Address = {New York},
	Author = {James O. Berger},
	Date-Added = {2013-04-16 17:25:49 +0000},
	Date-Modified = {2013-04-16 17:25:49 +0000},
	Publisher = {Springer},
	Title = {Statistical Decision Theory and {B}ayesian Analysis},
	Year = {1985}}

@article{bartlett06risk,
	Author = {Peter L. Bartlett and Michael I. Jordan and Jon D. McAuliffe},
	Date-Added = {2013-04-16 17:25:49 +0000},
	Date-Modified = {2013-04-16 17:25:49 +0000},
	Journal = {Journal of the American Statistical Association},
	Number = {473},
	Pages = {138-156},
	Title = {Convexity, Classification, and Risk Bounds},
	Volume = {101},
	Year = {2006}}

@book{steinwart08svm,
	Address = {New York},
	Author = {Ingo Steinwart and Andreas Christmann},
	Date-Added = {2013-04-16 17:25:49 +0000},
	Date-Modified = {2013-04-16 17:25:49 +0000},
	Publisher = {Springer},
	Title = {Support Vector Machines},
	Year = {2008}}

@book{bakir07struct,
	Author = {Bakir, G\"{u}khan H. and Hofmann, Thomas and Sch\"{o}lkopf, Bernhard and Smola, Alexander J. and Taskar, Ben and Vishwanathan, S. V. N.},
	Date-Added = {2013-04-16 17:25:49 +0000},
	Date-Modified = {2013-04-16 17:25:49 +0000},
	Publisher = {The MIT Press},
	Title = {Predicting Structured Data},
	Year = {2007}}

@inproceedings{papineni02bleu,
	Author = {Papineni, Kishore and Roukos, Salim and Ward, Todd and Zhu, Wei-Jing},
	Booktitle = {ACL '02: Proceedings of the 40th Annual Meeting on Association for Computational Linguistics},
	Date-Added = {2013-04-16 17:25:49 +0000},
	Date-Modified = {2013-04-16 17:25:49 +0000},
	Pages = {311--318},
	Publisher = {Association for Computational Linguistics},
	Title = {{BLEU}: a method for automatic evaluation of machine translation},
	Year = {2002}}

@article{mcallester99PACbayes,
	Author = {David A. McAllester},
	Date-Added = {2013-04-16 17:25:49 +0000},
	Date-Modified = {2013-04-16 17:25:49 +0000},
	Journal = {Machine Learning},
	Number = {3},
	Pages = {355-363},
	Title = {Some {PAC}-{B}ayesian Theorems},
	Volume = {37},
	Year = {1999}}

@article{vandervaart08posterior,
	Author = {A.W. van der Vaart and J.H. van Zanten},
	Date-Added = {2013-04-16 17:25:49 +0000},
	Date-Modified = {2013-04-16 17:25:49 +0000},
	Journal = {Annals of Statistics},
	Number = {3},
	Pages = {1435-1463},
	Title = {Rates of contraction of posterior distribution based on {G}aussian process priors},
	Volume = {36},
	Year = {2008}}

@inproceedings{liang09asymptotics,
	Author = {Percy Liang and Francis Bach and Guillaume Bouchard and Michael I. Jordan},
	Booktitle = {Advances in Neural Information Processing Systems 22},
	Date-Added = {2013-04-16 17:25:49 +0000},
	Date-Modified = {2013-04-16 17:25:49 +0000},
	Pages = {1132--1140},
	Title = {Asymptotically optimal regularization in smooth parametric models},
	Year = {2009}}

@article{seeger02GPCpac,
	Author = {Matthias W. Seeger},
	Date-Added = {2013-04-16 17:25:49 +0000},
	Date-Modified = {2013-04-16 17:25:49 +0000},
	Journal = {Journal of Machine Learning Research},
	Number = {Oct},
	Pages = {233--269},
	Title = {{PAC-B}ayesian Generalization Error Bounds for Gaussian Process Classification},
	Volume = {3},
	Year = {2002}}

@book{rasmussen06GP,
	Address = {Cambridge, MA, USA},
	Author = {Carl Edward Rasmussen and Christopher K. I. Williams},
	Date-Added = {2013-04-16 17:25:49 +0000},
	Date-Modified = {2013-04-16 17:25:49 +0000},
	Publisher = {The MIT Press},
	Title = {Gaussian Processes for Machine Learning},
	Year = {2006}}

@unpublished{reid10risk,
	Author = {Mark D. Reid and Robet C. Williamson},
	Date-Added = {2013-04-16 17:25:49 +0000},
	Date-Modified = {2013-04-16 17:25:49 +0000},
	Journal = {Journal of Machine Learning Research},
	Note = {\emph{-- under review for JMLR}},
	Title = {Information, Divergence and Risk for Binary Experiments}}

@inproceedings{Bonilla2010,
	Author = {Edwin V. Bonilla and Shengbo Guo and Scott Sanner},
	Booktitle = {Advances in Neural Information Processing Systems 23},
	Date-Added = {2013-04-16 17:12:02 +0000},
	Date-Modified = {2013-04-16 17:12:02 +0000},
	Pages = {262-270},
	Title = {Gaussian Process Preference Elicitation},
	Year = {2010}}

@inproceedings{Attias1999,
	Author = {Hagai Attias},
	Booktitle = {Proceedings of the Fifteenth Conference on Uncertainty in Artificial Intelligence},
	Date-Added = {2013-04-16 17:12:02 +0000},
	Date-Modified = {2013-04-16 17:12:02 +0000},
	Pages = {21-30},
	Title = {Inferring Parameters and Structure of Latent Variable Models by Variational Bayes},
	Year = {1999}}

@article{brochu2007active,
	Author = {Brochu, E. and de Freitas, N. and Ghosh, A.},
	Date-Added = {2013-04-16 17:12:02 +0000},
	Date-Modified = {2013-04-16 17:12:02 +0000},
	Journal = {Advances in Neural Information Processing Systems 20},
	Pages = {409--416},
	Publisher = {Citeseer},
	Title = {Active preference learning with discrete choice data},
	Volume = {20},
	Year = {2007}}

@article{birlutiu2009,
	Author = {A. Birlutiu and P. Groot and T. Heskes},
	Date-Added = {2013-04-16 17:12:02 +0000},
	Date-Modified = {2013-04-16 17:12:02 +0000},
	Journal = {Neurocomputing},
	Number = {7--9},
	Pages = {1177 - 1185},
	Title = {Multi-task preference learning with an application to hearing aid personalization},
	Volume = {73},
	Year = {2010}}

@article{lawrence2002,
	Author = {Lawrence, N.D. and Seeger, M. and Herbrich, R.},
	Date-Added = {2013-04-16 17:12:02 +0000},
	Date-Modified = {2013-04-16 17:12:02 +0000},
	Journal = {Advances in Neural Information Processing Systems 15},
	Pages = {609--616},
	Title = {Fast sparse Gaussian process methods: The informative vector machine},
	Volume = {15},
	Year = {2002}}

@article{gerven2010a,
	Author = {Marcel van Gerven and Botond Cseke and Floris de Lange and Tom Heskes},
	Date-Added = {2013-04-16 17:12:02 +0000},
	Date-Modified = {2013-04-16 17:12:02 +0000},
	Journal = {Neuroimage},
	Pages = {150-161},
	Title = {Efficient {B}ayesian multivariate {fMRI} analysis using a sparsifying spatio-temporal prior},
	Volume = 50,
	Year = 2010}

@incollection{raiko2007,
	Author = {T. Raiko and A. Ilin and K. Juha},
	Booktitle = {Machine Learning: ECML 2007},
	Date-Added = {2013-04-16 17:12:02 +0000},
	Date-Modified = {2013-04-16 17:12:02 +0000},
	Editor = {Kok, Joost and Koronacki, Jacek and Mantaras, Raomon and Matwin, Stan and Mladenic, Dunja and Skowron, Andrzej},
	Pages = {691-698},
	Publisher = {Springer Berlin / Heidelberg},
	Series = {Lecture Notes in Computer Science},
	Title = {Principal Component Analysis for Large Scale Problems with Lots of Missing Values},
	Volume = {4701},
	Year = {2007}}

@inproceedings{stern2009,
	Author = {D. H. Stern and R. Herbrich and T. Graepel},
	Booktitle = {Proceedings of the 18th international conference on World wide web},
	Date-Added = {2013-04-16 17:12:02 +0000},
	Date-Modified = {2013-04-16 17:12:02 +0000},
	Pages = {111--120},
	Title = {Matchbox: large scale online bayesian recommendations},
	Year = {2009}}

@article{heckerman1995,
	Author = {Heckerman, D. and Breese, J. and Rommelse, K.},
	Date-Added = {2013-04-16 17:12:02 +0000},
	Date-Modified = {2013-04-16 17:12:02 +0000},
	Journal = {Communications of the ACM},
	Number = {3},
	Pages = {27--41},
	Title = {Troubleshooting under uncertainty},
	Volume = {38},
	Year = {1995}}

@book{coverandthomas,
	Author = {Cover, T.M. and Thomas, J.A. and Wiley, J.},
	Date-Added = {2013-04-16 17:12:02 +0000},
	Date-Modified = {2013-04-16 17:12:02 +0000},
	Publisher = {Wiley Online Library},
	Title = {Elements of information theory},
	Volume = {6},
	Year = {1991}}

@article{seung1997,
	Author = {Freund, Y. and Seung, H.S. and Shamir, E. and Tishby, N.},
	Date-Added = {2013-04-16 17:12:02 +0000},
	Date-Modified = {2013-04-16 17:12:02 +0000},
	Journal = {Machine Learning},
	Number = {2},
	Pages = {133--168},
	Publisher = {Springer},
	Title = {{Selective sampling using the query by committee algorithm}},
	Volume = {28},
	Year = {1997}}

@inproceedings{joachims2002,
	Author = {Joachims, T.},
	Booktitle = {Proceedings of the eighth ACM SIGKDD international conference on Knowledge discovery and data mining},
	Date-Added = {2013-04-16 17:12:02 +0000},
	Date-Modified = {2013-04-16 17:12:02 +0000},
	Organization = {ACM},
	Pages = {133--142},
	Title = {Optimizing search engines using clickthrough data},
	Year = {2002}}

@book{furnkranz2010,
	Author = {F{\"u}rnkranz, J. and H{\"u}llermeier, E.},
	Date-Added = {2013-04-16 17:12:02 +0000},
	Date-Modified = {2013-04-16 17:12:02 +0000},
	Publisher = {Springer-Verlag New York Inc},
	Title = {Preference learning},
	Year = {2010}}

@inproceedings{de2009,
	Author = {De Gemmis, M. and Iaquinta, L. and Lops, P. and Musto, C. and Narducci, F. and Semeraro, G.},
	Booktitle = {ECML/PKDD-09 Workshop on Preference Learning},
	Date-Added = {2013-04-16 17:12:02 +0000},
	Date-Modified = {2013-04-16 17:12:02 +0000},
	Title = {Preference learning in recommender systems},
	Year = {2009}}

@inproceedings{snelson2006,
	Author = {Snelson, E. and Ghahramani, Z.},
	Booktitle = {Advances in Neural Information Processing Systems 18},
	Date-Added = {2013-04-16 17:12:02 +0000},
	Date-Modified = {2013-04-16 17:12:02 +0000},
	Title = {Sparse Gaussian processes using pseudo-inputs},
	Year = {2005}}

@inproceedings{koren2008,
	Author = {Koren, Y.},
	Booktitle = {Proceeding of the 14th ACM SIGKDD international conference on Knowledge discovery and data mining},
	Date-Added = {2013-04-16 17:12:02 +0000},
	Date-Modified = {2013-04-16 17:12:02 +0000},
	Pages = {426--434},
	Title = {Factorization meets the neighborhood: a multifaceted collaborative filtering model},
	Year = {2008}}

@inproceedings{srebro2005,
	Author = {Srebro, N. and Rennie, J.D.M. and Jaakkola, T.},
	Booktitle = {Advances in neural information processing systems 17},
	Date-Added = {2013-04-16 17:12:02 +0000},
	Date-Modified = {2013-04-16 17:12:02 +0000},
	Pages = {1329--1336},
	Title = {Maximum-margin matrix factorization},
	Year = {2005}}

@inproceedings{salakhutdinov2008,
	Author = {Salakhutdinov, R. and Mnih, A.},
	Date-Added = {2013-04-16 17:12:02 +0000},
	Date-Modified = {2013-04-16 17:12:02 +0000},
	Journal = {Advances in neural information processing systems 20},
	Pages = {1257--1264},
	Title = {Probabilistic matrix factorization},
	Year = {2008}}

@article{kingsley2006,
	Author = {Kingsley, D.C.},
	Date-Added = {2013-04-16 17:12:02 +0000},
	Date-Modified = {2013-04-16 17:12:02 +0000},
	Journal = {Center for Economic Analysis},
	Title = {Preference uncertainty, preference refinement and paired comparison choice experiments},
	Year = {2006}}

@book{rasmussen2006,
	Author = {Rasmussen, Carl Edward and Williams, Christopher K. I.},
	Date-Added = {2013-04-16 17:12:02 +0000},
	Date-Modified = {2013-04-16 17:12:02 +0000},
	Publisher = {The MIT Press},
	Title = {Gaussian Processes for Machine Learning},
	Year = {2006}}

@phdthesis{birlutiu2011,
	Author = {A. B\^irlut\c{i}u},
	Date-Added = {2013-04-16 17:12:02 +0000},
	Date-Modified = {2013-04-16 17:12:02 +0000},
	School = {Radboud University Nijmegen},
	Title = {Applications for Preference Learning and Supervised Network Inference},
	Year = {2011}}

@inproceedings{kamishima2003,
	Author = {Kamishima, T.},
	Booktitle = {Proceedings of the ninth ACM SIGKDD international conference on Knowledge discovery and data mining},
	Date-Added = {2013-04-16 17:12:02 +0000},
	Date-Modified = {2013-04-16 17:12:02 +0000},
	Pages = {583--588},
	Title = {Nantonac collaborative filtering: recommendation based on order responses},
	Year = {2003}}

@phdthesis{Minka2001thesis,
	Author = {Tom Minka},
	Date-Added = {2013-04-16 17:12:02 +0000},
	Date-Modified = {2013-04-16 17:13:18 +0000},
	School = {MIT},
	Title = {A family of algorithms for approximate Bayesian inference},
	Year = {2001}}

@article{Nickisch2008,
	Author = {Nickisch, Hannes and Rasmussen, Carl Edward},
	Date-Added = {2013-04-16 17:12:02 +0000},
	Date-Modified = {2013-04-16 17:14:05 +0000},
	Journal = {The Journal of Machine Learning Research},
	Pages = {2035--2078},
	Title = {Approximations for Binary {Gaussian} Process Classification},
	Volume = {9},
	Year = {2008}}

@conference{Minka2002,
	Author = {T. Minka and J. Lafferty},
	Booktitle = {Proceedings of the Eighteenth conference on Uncertainty in artificial intelligence},
	Date-Added = {2013-04-16 17:12:02 +0000},
	Date-Modified = {2013-04-16 17:12:02 +0000},
	Pages = {352--359},
	Title = {Expectation-propagation for the Generative Aspect Model},
	Year = {2002}}

@phdthesis{HernandezLobato2010,
	Author = {Jos\'e Miguel Hern\'andez-Lobato},
	Date-Added = {2013-04-16 17:12:02 +0000},
	Date-Modified = {2013-04-16 17:12:02 +0000},
	School = {Universidad Aut\'onoma de Madrid},
	Title = {Balancing Flexibility and Robustness in Machine Learning: Semi-parametric Methods and Sparse Linear Models},
	Year = {2010}}

@unpublished{MacKay2001,
	Author = {D. J. C. MacKay},
	Date-Added = {2013-04-16 17:12:02 +0000},
	Date-Modified = {2013-04-16 17:12:02 +0000},
	Note = {Available at http://www.inference.phy.cam.ac.uk/mackay/minima.pdf},
	Owner = {miguel},
	Timestamp = {2012.05.30},
	Title = {Local minima, symmetry-breaking, and model pruning in variational free energy minimization},
	Year = {2001}}

@inbook{Ghahramani2001,
	Author = {Ghahramani, Z. and Beal, M. J.},
	Chapter = {Graphical models and variational methods},
	Date-Added = {2013-04-16 17:12:02 +0000},
	Date-Modified = {2013-04-16 17:12:02 +0000},
	Editor = {Saad, D. and Opper, M.},
	Pages = {161--177},
	Title = {Advanced Mean Field Method---Theory and Practice},
	Year = {2001}}

@article{SelfLearning,
	Author = {Fischer, Dietmar G. and Kienle, Stefan H. and Freyberger, Matthias},
	Date-Added = {2013-04-16 17:07:11 +0000},
	Date-Modified = {2013-04-16 17:07:11 +0000},
	Doi = {10.1103/PhysRevA.61.032306},
	Issue = {3},
	Journal = {Phys. Rev. A},
	Month = {Feb},
	Numpages = {6},
	Pages = {032306},
	Publisher = {American Physical Society},
	Title = {Quantum-state estimation by self-learning measurements},
	Url = {http://link.aps.org/doi/10.1103/PhysRevA.61.032306},
	Volume = {61},
	Year = {2000},
	Bdsk-Url-1 = {http://link.aps.org/doi/10.1103/PhysRevA.61.032306},
	Bdsk-Url-2 = {http://dx.doi.org/10.1103/PhysRevA.61.032306}}

@article{Butucea2007,
	Abstract = {We estimate the quantum state of a light beam from results of quantum homodyne measurements performed on identically prepared quantum systems. The state is represented through the Wigner function, a generalized probability density on ${\Bbb R}^{2}$ which may take negative values and must respect intrinsic positivity constraints imposed by quantum physics. The effect of the losses due to detection inefficiencies, which are always present in a real experiment, is the addition to the tomographic data of independent Gaussian noise. We construct a kernel estimator for the Wigner function, prove that it is minimax efficient for the pointwise risk over a class of infinitely differentiable functions, and implement it for numberical results. We construct adaptive estimators, that is, which do not depend on the smoothness parameters, and prove that in some setups they attain the minimax rates for the corresponding smoothness class.},
	Author = {Butucea, Cristina and Gu\c{t}\u{a}, M\u{a}d\u{a}lin and Artiles, Luis},
	Copyright = {Copyright � 2007 Institute of Mathematical Statistics},
	Date-Added = {2013-04-16 17:07:11 +0000},
	Date-Modified = {2013-04-16 17:07:11 +0000},
	Issn = {00905364},
	Journal = {The Annals of Statistics},
	Jstor_Articletype = {research-article},
	Jstor_Formatteddate = {Apr., 2007},
	Language = {English},
	Number = {2},
	Pages = {pp. 465-494},
	Publisher = {Institute of Mathematical Statistics},
	Title = {Minimax and Adaptive Estimation of the Wigner Function in Quantum Homodyne Tomography with Noisy Data},
	Url = {http://www.jstor.org/stable/25463565},
	Volume = {35},
	Year = {2007},
	Bdsk-Url-1 = {http://www.jstor.org/stable/25463565}}

@book{SMCBook,
	Date-Added = {2013-04-16 17:07:11 +0000},
	Date-Modified = {2013-04-16 17:07:11 +0000},
	Editor = {Arnaud Doucet and Nando {de Freitas} and Neil Gordon},
	Isbn = {0-387-95146-6},
	Publisher = {Springer-Verlag},
	Title = {Sequential Monte Carlo in Paractice},
	Year = {2001}}

@article{FourQubit,
	Author = {Elias Amselem and Mohamed Bourennane},
	Date-Added = {2013-04-16 17:07:11 +0000},
	Date-Modified = {2013-04-16 17:07:11 +0000},
	Doi = {10.1038/nphys1372},
	Journal = {Nat.\ Phys.},
	Pages = {748 - 752},
	Title = {Experimental four-qubit bound entanglement},
	Volume = {5},
	Year = {2009},
	Bdsk-Url-1 = {http://dx.doi.org/10.1038/nphys1372}}

@article{CompressedSensing,
	Author = {{Gross \emph{et al}}, David},
	Date-Added = {2013-04-16 17:07:11 +0000},
	Date-Modified = {2013-04-16 17:07:11 +0000},
	Doi = {10.1103/PhysRevLett.105.150401},
	Journal = {Phys.\ Rev.\ Lett.},
	Month = {Oct},
	Number = {15},
	Numpages = {4},
	Pages = {150401},
	Publisher = {American Physical Society},
	Title = {Quantum State Tomography via Compressed Sensing},
	Url = {http://link.aps.org/doi/10.1103/PhysRevLett.105.150401},
	Volume = {105},
	Year = {2010},
	Bdsk-Url-1 = {http://link.aps.org/doi/10.1103/PhysRevLett.105.150401},
	Bdsk-Url-2 = {http://dx.doi.org/10.1103/PhysRevLett.105.150401}}

@inproceedings{CompressedVsActive,
	Author = {Castro, R. and Haupt, J. and Nowak, R.},
	Booktitle = {ICASSP},
	Date-Added = {2013-04-16 17:07:11 +0000},
	Date-Modified = {2013-04-16 17:07:11 +0000},
	Doi = {10.1109/ICASSP.2006.1660780},
	Title = {Compressed Sensing vs.\ Active Learning},
	Year = {2006},
	Bdsk-Url-1 = {http://dx.doi.org/10.1109/ICASSP.2006.1660780}}

@article{DimensionSix,
	Author = {Raynal, Philippe and L\"u, Xin and Englert, Berthold-Georg},
	Date-Added = {2013-04-16 17:07:11 +0000},
	Date-Modified = {2013-04-16 17:07:11 +0000},
	Doi = {10.1103/PhysRevA.83.062303},
	Journal = {Phys.\ Rev.\ A},
	Month = {Jun},
	Number = {6},
	Numpages = {9},
	Pages = {062303},
	Publisher = {American Physical Society},
	Title = {Mutually unbiased bases in six dimensions: The four most distant bases},
	Url = {http://link.aps.org/doi/10.1103/PhysRevA.83.062303},
	Volume = {83},
	Year = {2011},
	Bdsk-Url-1 = {http://link.aps.org/doi/10.1103/PhysRevA.83.062303},
	Bdsk-Url-2 = {http://dx.doi.org/10.1103/PhysRevA.83.062303}}

@article{MUBQutrit,
	Author = {Yan, Fei and Yang, Ming and Cao, Zhuo-Liang},
	Date-Added = {2013-04-16 17:07:11 +0000},
	Date-Modified = {2013-04-16 17:07:11 +0000},
	Doi = {10.1103/PhysRevA.82.044102},
	Issue = {4},
	Journal = {Phys. Rev. A},
	Month = {Oct},
	Numpages = {4},
	Pages = {044102},
	Publisher = {American Physical Society},
	Title = {Optimal reconstruction of the states in qutrit systems},
	Url = {http://link.aps.org/doi/10.1103/PhysRevA.82.044102},
	Volume = {82},
	Year = {2010},
	Bdsk-Url-1 = {http://link.aps.org/doi/10.1103/PhysRevA.82.044102},
	Bdsk-Url-2 = {http://dx.doi.org/10.1103/PhysRevA.82.044102}}

@article{MUBExperiment,
	Author = {Adamson, R. B. A. and Steinberg, A. M.},
	Date-Added = {2013-04-16 17:07:11 +0000},
	Date-Modified = {2013-04-16 17:07:11 +0000},
	Doi = {10.1103/PhysRevLett.105.030406},
	Journal = {Phys.\ Rev.\ Lett.},
	Number = {3},
	Numpages = {4},
	Pages = {030406},
	Publisher = {American Physical Society},
	Title = {Improving Quantum State Estimation with Mutually Unbiased Bases},
	Volume = {105},
	Year = {2010},
	Bdsk-Url-1 = {http://dx.doi.org/10.1103/PhysRevLett.105.030406}}

@article{OEDAverage,
	Author = {J. {Nunn \emph{et al}}},
	Date-Added = {2013-04-16 17:07:11 +0000},
	Date-Modified = {2013-04-16 17:07:11 +0000},
	Doi = {10.1103/PhysRevA.81.042109},
	Journal = {Phys.\ Rev.\ A},
	Month = {Apr},
	Number = {4},
	Numpages = {15},
	Pages = {042109},
	Publisher = {American Physical Society},
	Title = {Optimal experiment design for quantum state tomography: Fair, precise, and minimal tomography},
	Url = {http://link.aps.org/doi/10.1103/PhysRevA.81.042109},
	Volume = {81},
	Year = {2010},
	Bdsk-Url-1 = {http://link.aps.org/doi/10.1103/PhysRevA.81.042109},
	Bdsk-Url-2 = {http://dx.doi.org/10.1103/PhysRevA.81.042109}}

@article{OEDFirst,
	Archiveprefix = {arXiv},
	Author = {Robert Kosut and Ian A. Walmsley and Herschel Rabitz},
	Date-Added = {2013-04-16 17:07:11 +0000},
	Date-Modified = {2013-04-16 17:07:11 +0000},
	Eprint = {quant-ph/0411093},
	Title = {Optimal Experiment Design for Quantum State and Process Tomography and %Hamiltonian Parameter Estimation},
	Year = {2004}}

@article{BayesianOptimality,
	Archiveprefix = {arXiv},
	Author = {R Blume-Kohout and P Hayden},
	Date-Added = {2013-04-16 17:07:11 +0000},
	Date-Modified = {2013-04-16 17:07:11 +0000},
	Eprint = {quant-ph/0603116},
	Title = {Accurate quantum state estimation via ``Keeping the experimentalist honest''},
	Year = {2006}}

@article{MUBFirst,
	Author = {William Wootters and Brian Fields},
	Date-Added = {2013-04-16 17:07:11 +0000},
	Date-Modified = {2013-04-16 17:07:11 +0000},
	Doi = {DOI: 10.1016/0003-4916(89)90322-9},
	Issn = {0003-4916},
	Journal = {Ann.\ Phys.},
	Number = {2},
	Pages = {363 - 381},
	Title = {Optimal state-determination by mutually unbiased measurements},
	Url = {http://www.sciencedirect.com/science/article/pii/0003491689903229},
	Volume = {191},
	Year = {1989},
	Bdsk-Url-1 = {http://www.sciencedirect.com/science/article/pii/0003491689903229},
	Bdsk-Url-2 = {http://dx.doi.org/10.1016/0003-4916(89)90322-9}}

@article{OpticalQuantumScience,
	Abstract = {In 2001, all-optical quantum computing became feasible with the 5discovery that scalable quantum computing is possible using only singlephoton sources, linear optical elements, and single-photon detectors. Although it was in principle scalable, the massive resource overhead made the scheme practically daunting. However, several simplifications were followed by proof-of-principle demonstrations, and recent approaches based on cluster states or error encoding have dramatically reduced this worrying resource overhead, making an all-optical architecture a serious contender for the ultimate goal of a large-scale quantum computer. Key challenges will be the realization of high-efficiency sources of indistinguishable single photons, low-loss, scalable optical circuits, high-efficiency single-photon detectors, and low-loss interfacing of these components.},
	Author = {O'Brien, Jeremy L.},
	Date-Added = {2013-04-16 17:07:11 +0000},
	Date-Modified = {2013-04-16 17:07:11 +0000},
	Doi = {10.1126/science.1142892},
	Journal = {Science},
	Number = {5856},
	Pages = {567-1570},
	Title = {Optical Quantum Computing},
	Volume = {318},
	Year = {2007},
	Bdsk-Url-1 = {http://dx.doi.org/10.1126/science.1142892}}

@article{BayesianTomography,
	Abstract = {Accurately inferring the state of a quantum device from the results of measurements is a crucial task in building quantum information processing hardware. The predominant state estimation procedure, maximum likelihood estimation (MLE), generally reports an estimate with zero eigenvalues. These cannot be justified. Furthermore, the MLE estimate is incompatible with error bars, so conclusions drawn from it are suspect. I propose an alternative procedure, Bayesian mean estimation (BME). BME never yields zero eigenvalues, its eigenvalues provide a bound on their own uncertainties, and under certain circumstances it is provably the most accurate procedure possible. I show how to implement BME numerically, and how to obtain natural error bars that are compatible with the estimate. Finally, I briefly discuss the differences between Bayesian and frequentist estimation techniques.},
	Author = {Robin Blume-Kohout},
	Date-Added = {2013-04-16 17:07:11 +0000},
	Date-Modified = {2013-04-16 17:07:11 +0000},
	Doi = {10.1088/1367-2630/12/4/043034},
	Journal = {New J.\ Phys.},
	Number = {4},
	Pages = {043034},
	Title = {Optimal, reliable estimation of quantum states},
	Volume = {12},
	Year = {2010},
	Bdsk-Url-1 = {http://dx.doi.org/10.1088/1367-2630/12/4/043034}}

@article{ExactInformation,
	Abstract = {It is known that mutually unbiased bases (MUBs), whenever they exist, are optimal in an information theoretic sense for the determination of the unknown state of a quantum ensemble. Such bases may not exist for most dimensions. The present paper deals with information gain in some generalizations and approximations of MUBs. We give estimates of the information loss (relative to MUBs) in these suboptimal choice of bases. For some generalization of MUBs we give exact calculations for the information gain. It is calculated directly in terms of transition probabilities among the measurement bases. We also give the formal solutions for the problem of quantum state tomography in these cases.},
	Author = {M K Patra},
	Date-Added = {2013-04-16 17:07:11 +0000},
	Date-Modified = {2013-04-16 17:07:11 +0000},
	Journal = {J.\ Phys.\ A},
	Number = {35},
	Pages = {10887},
	Title = {Quantum state determination: estimates for information gain and some exact calculations},
	Url = {http://stacks.iop.org/1751-8121/40/i=35/a=011},
	Volume = {40},
	Year = {2007},
	Bdsk-Url-1 = {http://stacks.iop.org/1751-8121/40/i=35/a=011}}

@article{SelfLearningExperimental,
	Author = {Hannemann, Th. and Reiss, D. and Balzer, Ch. and Neuhauser, W. and Toschek, P. E. and Wunderlich, Ch.},
	Date-Added = {2013-04-16 17:07:11 +0000},
	Date-Modified = {2013-04-16 17:07:11 +0000},
	Doi = {10.1103/PhysRevA.65.050303},
	Issue = {5},
	Journal = {Phys. Rev. A},
	Month = {May},
	Numpages = {4},
	Pages = {050303},
	Publisher = {American Physical Society},
	Title = {Self-learning estimation of quantum states},
	Url = {http://link.aps.org/doi/10.1103/PhysRevA.65.050303},
	Volume = {65},
	Year = {2002},
	Bdsk-Url-1 = {http://link.aps.org/doi/10.1103/PhysRevA.65.050303},
	Bdsk-Url-2 = {http://dx.doi.org/10.1103/PhysRevA.65.050303}}

@article{Berry2006,
	Author = {Berry, D.A.},
	Date-Added = {2013-04-16 17:07:11 +0000},
	Date-Modified = {2013-04-16 17:07:11 +0000},
	Journal = {Nat.\ Rev.\ Drug Disc.},
	Number = {1},
	Pages = {27--36},
	Publisher = {Nature Publishing Group},
	Title = {Bayesian clinical trials},
	Volume = {5},
	Year = {2006}}

@article{Cavagnaro2010,
	Author = {Cavagnaro, D.R. and Myung, J.I. and Pitt, M.A. and Kujala, J.V.},
	Date-Added = {2013-04-16 17:07:11 +0000},
	Date-Modified = {2013-04-16 17:07:11 +0000},
	Journal = {Neur.\ Comp.},
	Number = {4},
	Pages = {887--905},
	Publisher = {MIT Press},
	Title = {Adaptive design optimization: A mutual information-based approach to model discrimination in cognitive science},
	Volume = {22},
	Year = {2010}}

@article{Vondrick2011,
	Author = {Vondrick, C. and Irvine, UC and Ramanan, D.},
	Date-Added = {2013-04-16 17:07:11 +0000},
	Date-Modified = {2013-04-16 17:07:11 +0000},
	Journal = {NIPS},
	Title = {Video Annotation and Tracking with Active Learning},
	Year = {2011}}

@inproceedings{KrauseCevher10,
	Author = {Andreas Krause and Volkan Cevher},
	Bibsource = {DBLP, http://dblp.uni-trier.de},
	Booktitle = {ICML},
	Crossref = {DBLP:conf/icml/2010},
	Date-Added = {2013-04-16 17:05:02 +0000},
	Date-Modified = {2013-04-16 17:05:02 +0000},
	Ee = {http://www.icml2010.org/papers/366.pdf},
	Pages = {567-574},
	Title = {Submodular Dictionary Selection for Sparse Representation},
	Year = {2010}}

@proceedings{DBLP:conf/icml/2010,
	Bibsource = {DBLP, http://dblp.uni-trier.de},
	Booktitle = {ICML},
	Date-Added = {2013-04-16 17:05:02 +0000},
	Date-Modified = {2013-04-16 17:05:02 +0000},
	Editor = {Johannes F{\"u}rnkranz and Thorsten Joachims},
	Isbn = {978-1-60558-907-7},
	Publisher = {Omnipress},
	Title = {Proceedings of the 27th International Conference on Machine Learning (ICML-10), June 21-24, 2010, Haifa, Israel},
	Year = {2010}}

@article{CowlesCarlin96,
	Abstract = {A critical issue for users of Markov chain Monte Carlo ({MCMC}) methods in applications is how to determine when it is safe to stop sampling and use the samples to estimate characteristics of the distribution of interest. Research into methods of computing theoretical convergence bounds holds promise for the future but to date has yielded relatively little of practical use in applied work. Consequently, most {MCMC} users address the convergence problem by applying diagnostic tools to the output produced by running their samplers. After giving a brief overview of the area, we provide an expository review of 13 convergence diagnostics, describing the theoretical basis and practical implementation of each. We then compare their performance in two simple models and conclude that all of the methods can fail to detect the sorts of convergence failure that they were designed to identify. We thus recommend a combination of strategies aimed at evaluating and accelerating {MCMC} sampler convergence, including applying diagnostic procedures to a small number of parallel chains, monitoring autocorrelations and cross-correlations, and modifying parametrizations or sampling algorithms appropriately. We emphasize, however, that it is not possible to say with certainty that a finite sample from an {MCMC} algorithm is representative of an underlying stationary distribution.},
	Author = {Cowles, Mary K. and Carlin, Bradley P.},
	Citeulike-Article-Id = {828986},
	Citeulike-Linkout-0 = {http://dx.doi.org/10.2307/2291683},
	Citeulike-Linkout-1 = {http://www.jstor.org/stable/2291683},
	Date-Added = {2013-04-16 17:05:02 +0000},
	Date-Modified = {2013-04-16 17:05:02 +0000},
	Doi = {10.2307/2291683},
	Issn = {01621459},
	Journal = {Journal of the American Statistical Association},
	Number = {434},
	Pages = {883--904},
	Posted-At = {2011-08-13 03:47:38},
	Priority = {2},
	Publisher = {American Statistical Association},
	Title = {Markov Chain Monte Carlo Convergence Diagnostics: A Comparative Review},
	Url = {http://dx.doi.org/10.2307/2291683},
	Volume = {91},
	Year = {1996},
	Bdsk-Url-1 = {http://dx.doi.org/10.2307/2291683}}

@techreport{minka2000dqr,
	Author = {Minka, T. P.},
	Date-Added = {2013-04-16 17:05:02 +0000},
	Date-Modified = {2013-04-16 17:05:02 +0000},
	Institution = {Statistics Department, Carnegie Mellon University},
	Title = {{Deriving quadrature rules from Gaussian processes}},
	Year = {2000}}

@inproceedings{guestrin1,
	Address = {Nashville, Tennessee, USA},
	Author = {A. Krause and C. Guestrin and A. Gupta and J. Kleinberg},
	Booktitle = {Proceedings of the Fifth International Conference on Information Processing in Sensor Networks (IPSN '06)},
	Date-Added = {2013-04-16 17:05:02 +0000},
	Date-Modified = {2013-04-16 17:05:02 +0000},
	Pages = {2--10},
	Title = {Near-optimal sensor placements: Maximizing information while minimizing communication cost},
	Year = {2006}}

@inproceedings{guestrin2,
	Author = {A. Deshpande and C. Guestrin and S. Madden and J. Hellerstein and W. Hong},
	Booktitle = {Proceedings of the Thirtieth International Conference on Very Large Data Bases (VLDB 2004)},
	Date-Added = {2013-04-16 17:05:02 +0000},
	Date-Modified = {2013-04-16 17:05:02 +0000},
	Location = {Toronto, Canada},
	Pages = {588--599},
	Title = {Model-Driven Data Acquisition in Sensor Networks},
	Year = {2004}}

@article{MCUnsound,
	Author = {A. O'Hagan},
	Date-Added = {2013-04-16 17:05:02 +0000},
	Date-Modified = {2013-04-16 17:05:02 +0000},
	Journal = {The Statistician},
	Pages = {247-249},
	Title = {{Monte Carlo is fundamentally unsound}},
	Volume = {36},
	Year = {1987}}

@article{BZHermiteQuadrature,
	Author = {A. O'Hagan},
	Date-Added = {2013-04-16 17:05:02 +0000},
	Date-Modified = {2013-04-16 17:05:02 +0000},
	Journal = {Journal of Statistical Planning and Inference},
	Pages = {245--260},
	Title = {Bayes-{H}ermite Quadrature},
	Volume = {29},
	Year = {1991}}

@phdthesis{osbornebayesian,
	Author = {Osborne, M. A.},
	Date-Added = {2013-04-16 17:05:02 +0000},
	Date-Modified = {2013-04-16 17:05:02 +0000},
	School = {University of Oxford},
	Title = {{Bayesian Gaussian Processes for Sequential Prediction, Optimisation and Quadrature}},
	Year = {2010}}

@incollection{BZMonteCarlo,
	Address = {Cambridge, MA},
	Author = {C. E. Rasmussen and Z. Ghahramani},
	Booktitle = {Advances in Neural Information Processing Systems},
	Date-Added = {2013-04-16 17:05:02 +0000},
	Date-Modified = {2013-04-16 17:05:02 +0000},
	Editor = {S. Becker AND K. Obermayer},
	Publisher = {MIT Press},
	Title = {{B}ayesian Monte Carlo},
	Volume = {15},
	Year = {2003}}

@article{Sriperumbudur2010,
	Acmid = {1859901},
	Address = {Cambridge, MA, USA},
	Author = {Sriperumbudur, Bharath K. and Gretton, Arthur and Fukumizu, Kenji and Sch\"{o}lkopf, Bernhard and Lanckriet, Gert R.G.},
	Date-Added = {2013-04-16 17:05:02 +0000},
	Date-Modified = {2013-04-16 17:05:02 +0000},
	Issn = {1532-4435},
	Journal = {J. Mach. Learn. Res.},
	Month = {August},
	Numpages = {45},
	Pages = {1517--1561},
	Publisher = {MIT Press},
	Title = {Hilbert Space Embeddings and Metrics on Probability Measures},
	Url = {http://dl.acm.org/citation.cfm?id=1859890.1859901},
	Volume = {99},
	Year = {2010},
	Bdsk-Url-1 = {http://dl.acm.org/citation.cfm?id=1859890.1859901}}

@inproceedings{Song2008,
	Acmid = {1390281},
	Address = {New York, NY, USA},
	Author = {Song, Le and Zhang, Xinhua and Smola, Alex and Gretton, Arthur and Sch\"{o}lkopf, Bernhard},
	Booktitle = {Proceedings of the 25th international conference on Machine learning},
	Date-Added = {2013-04-16 17:05:02 +0000},
	Date-Modified = {2013-04-16 17:05:02 +0000},
	Doi = {10.1145/1390156.1390281},
	Isbn = {978-1-60558-205-4},
	Location = {Helsinki, Finland},
	Numpages = {8},
	Pages = {992--999},
	Publisher = {ACM},
	Series = {ICML '08},
	Title = {Tailoring density estimation via reproducing kernel moment matching},
	Url = {http://doi.acm.org/10.1145/1390156.1390281},
	Year = {2008},
	Bdsk-Url-1 = {http://doi.acm.org/10.1145/1390156.1390281},
	Bdsk-Url-2 = {http://dx.doi.org/10.1145/1390156.1390281}}

@inproceedings{chen2010super,
	Author = {Chen, Y. and Welling, M. and Smola, A.},
	Date-Added = {2013-04-16 17:05:02 +0000},
	Date-Modified = {2013-04-16 17:05:02 +0000},
	Organization = {UAI},
	Title = {Super-Samples from Kernel Herding},
	Year = {2010}}

@inproceedings{welling2009herding,
	Author = {Welling, M.},
	Booktitle = {Proceedings of the 26th Annual International Conference on Machine Learning},
	Date-Added = {2013-04-16 17:05:02 +0000},
	Date-Modified = {2013-04-16 17:05:02 +0000},
	Organization = {ACM},
	Pages = {1121--1128},
	Title = {Herding dynamical weights to learn},
	Year = {2009}}

@article{bach2012equivalence,
	Author = {Bach, F. and Lacoste-Julien, S. and Obozinski, G.},
	Date-Added = {2013-04-16 17:05:02 +0000},
	Date-Modified = {2013-04-16 17:05:02 +0000},
	Journal = {Arxiv preprint arXiv:1203.4523},
	Title = {On the Equivalence between Herding and Conditional Gradient Algorithms},
	Year = {2012}}

@article{rasmussen38gaussian,
	Author = {Rasmussen, C.E. and Williams, CKI},
	Date-Added = {2013-04-16 17:05:02 +0000},
	Date-Modified = {2013-04-16 17:05:02 +0000},
	Journal = {The MIT Press, Cambridge, MA, USA},
	Title = {{Gaussian Processes for Machine Learning}},
	Year = {2006}}

@book{Bishop2006,
	Author = {Bishop, C.M. and SpringerLink (Online service)},
	Date-Added = {2013-04-16 16:35:16 +0000},
	Date-Modified = {2013-04-16 16:35:31 +0000},
	Publisher = {Springer New York},
	Title = {Pattern recognition and machine learning},
	Volume = {4},
	Year = {2006}}

@inproceedings{Golovin2010,
	Author = {Golovin, D. and Krause, A.},
	Booktitle = {Proceedings of International Conference on Learning Theory (COLT)},
	Date-Added = {2013-04-16 16:35:16 +0000},
	Date-Modified = {2013-04-16 16:35:31 +0000},
	Organization = {Citeseer},
	Title = {Adaptive submodularity: A new approach to active learning and stochastic optimization},
	Year = {2010}}

@inproceedings{Dasgupta2005,
	Author = {Dasgupta, S.},
	Booktitle = {Advances in Neural Information Processing Systems 17: Proceedings Of The 2004 Conference},
	Date-Added = {2013-04-16 16:35:16 +0000},
	Date-Modified = {2013-04-16 16:35:31 +0000},
	Title = {Analysis of a greedy active learning strategy},
	Year = {2005}}

@inproceedings{Chu2005,
	Author = {Chu, W. and Ghahramani, Z.},
	Booktitle = {Proceedings of the 22nd international conference on Machine learning},
	Date-Added = {2013-04-16 16:35:16 +0000},
	Date-Modified = {2013-04-16 16:35:31 +0000},
	Organization = {ACM},
	Pages = {137--144},
	Title = {Preference learning with Gaussian processes},
	Year = {2005}}

@article{Rasmussen2005,
	Author = {Rasmussen, C.E. and Williams, C.K.I.},
	Date-Added = {2013-04-16 16:35:16 +0000},
	Date-Modified = {2013-04-16 16:35:31 +0000},
	Publisher = {The MIT Press},
	Title = {Gaussian Processes for Machine Learning},
	Year = {2005}}

@article{Krishnapuram2004,
	Author = {Krishnapuram, B. and Williams, D. and Xue, Y. and Hartemink, A. and Carin, L. and Figueiredo, M.},
	Date-Added = {2013-04-16 16:35:16 +0000},
	Date-Modified = {2013-04-16 16:35:31 +0000},
	Journal = {Advances in neural information processing systems},
	Pages = {721--728},
	Publisher = {Citeseer},
	Title = {On semi-supervised classification},
	Volume = {17},
	Year = {2004}}

@inproceedings{Zhu2003,
	Author = {Zhu, X. and Ghahramani, Z. and Lafferty, J.},
	Booktitle = {Proceedings of the 20th international conference on Machine learning},
	Date-Added = {2013-04-16 16:35:16 +0000},
	Date-Modified = {2013-04-16 16:35:31 +0000},
	Number = {2},
	Pages = {912},
	Title = {Semi-supervised learning using gaussian fields and harmonic functions},
	Volume = {20},
	Year = {2003}}

@inproceedings{Krause2007,
	Author = {Krause, A. and Guestrin, C.},
	Booktitle = {Proceedings of the 24th international conference on Machine learning},
	Date-Added = {2013-04-16 16:35:16 +0000},
	Date-Modified = {2013-04-16 16:35:31 +0000},
	Organization = {ACM},
	Pages = {449--456},
	Title = {Nonmyopic active learning of gaussian processes: an exploration-exploitation approach},
	Year = {2007}}

@inproceedings{Krause2006,
	Author = {Krause, A. and Guestrin, C. and Gupta, A. and Kleinberg, J.},
	Booktitle = {Proceedings of the 5th international conference on Information processing in sensor networks},
	Date-Added = {2013-04-16 16:35:16 +0000},
	Date-Modified = {2013-04-16 16:35:31 +0000},
	Organization = {ACM},
	Pages = {2--10},
	Title = {Near-optimal sensor placements: Maximizing information while minimizing communication cost},
	Year = {2006}}

@conference{Guestrin2005,
	Acmid = {1102385},
	Address = {New York, NY, USA},
	Author = {Guestrin, Carlos and Krause, Andreas and Singh, Ajit Paul},
	Booktitle = {Proceedings of the 22nd international conference on Machine learning},
	Date-Added = {2013-04-16 16:35:16 +0000},
	Date-Modified = {2013-04-16 16:35:31 +0000},
	Doi = {http://doi.acm.org/10.1145/1102351.1102385},
	Isbn = {1-59593-180-5},
	Location = {Bonn, Germany},
	Numpages = {8},
	Pages = {265--272},
	Publisher = {ACM},
	Series = {ICML '05},
	Title = {Near-optimal sensor placements in Gaussian processes},
	Url = {http://doi.acm.org/10.1145/1102351.1102385},
	Year = {2005},
	Bdsk-Url-1 = {http://doi.acm.org/10.1145/1102351.1102385}}

@book{Fuhrmann2003,
	Author = {Fuhrmann, D.R.},
	Date-Added = {2013-04-16 16:35:16 +0000},
	Date-Modified = {2013-04-16 16:35:31 +0000},
	Publisher = {Defense Technical Information Center},
	Title = {Active Testing Surveillance Systems, or, Playing Twenty Questions with a Radar},
	Year = {2003}}

@incollection{Ertin2003,
	Author = {Ertin, Emre and Fisher, John and Potter, Lee},
	Booktitle = {Information Processing in Sensor Networks},
	Date-Added = {2013-04-16 16:35:16 +0000},
	Date-Modified = {2013-04-16 16:35:31 +0000},
	Editor = {Zhao, Feng and Guibas, Leonidas},
	Note = {10.1007/3-540-36978-3-27},
	Pages = {558-558},
	Publisher = {Springer Berlin / Heidelberg},
	Series = {Lecture Notes in Computer Science},
	Title = {Maximum Mutual Information Principle for Dynamic Sensor Query Problems},
	Url = {http://dx.doi.org/10.1007/3-540-36978-3-27},
	Volume = {2634},
	Year = {2003},
	Bdsk-Url-1 = {http://dx.doi.org/10.1007/3-540-36978-3-27}}

@article{Huang2010,
	Author = {Huang, S.J. and Jin, R. and Zhou, Z.H.},
	Date-Added = {2013-04-16 16:35:16 +0000},
	Date-Modified = {2013-04-16 16:35:31 +0000},
	Journal = {Advances in neural information processing systems},
	Pages = {892--900},
	Title = {Active Learning by Querying Informative and Representative Examples},
	Volume = {23},
	Year = {2010}}

@inproceedings{Dasgupta2008,
	Author = {Dasgupta, S. and Hsu, D.},
	Booktitle = {Proceedings of the 25th international conference on Machine learning},
	Date-Added = {2013-04-16 16:35:16 +0000},
	Date-Modified = {2013-04-16 16:35:31 +0000},
	Organization = {ACM},
	Pages = {208--215},
	Title = {Hierarchical sampling for active learning},
	Year = {2008}}

@book{Cover1991,
	Author = {Cover, T.M. and Thomas, J.A. and Wiley, J. and others},
	Date-Added = {2013-04-16 16:35:16 +0000},
	Date-Modified = {2013-04-16 16:35:31 +0000},
	Publisher = {Wiley Online Library},
	Title = {Elements of information theory},
	Volume = {6},
	Year = {1991}}

@inproceedings{Kapoor2007,
	Author = {Kapoor, A. and Horvitz, E. and Basu, S.},
	Booktitle = {International Joint Conference on Artificial Intelligence (IJCAI)},
	Date-Added = {2013-04-16 16:35:16 +0000},
	Date-Modified = {2013-04-16 16:35:31 +0000},
	Title = {Selective supervision: Guiding supervised learning with decision-theoretic active learning},
	Year = {2007}}

@inproceedings{Lawrence2004,
	Author = {Lawrence, Neil D. and Platt, John C.},
	Booktitle = {ICML 2004},
	Date-Added = {2013-04-16 16:35:16 +0000},
	Date-Modified = {2013-04-16 16:35:31 +0000},
	Pages = {65+},
	Title = {{Learning to learn with the informative vector machine}},
	Year = {2004}}

@inproceedings{Kuss2005,
	Author = {M. Kuss and C. E. Rasmussen},
	Booktitle = {NIPS},
	Date-Added = {2013-04-16 16:35:16 +0000},
	Date-Modified = {2013-04-16 16:35:31 +0000},
	Publisher = {MIT Press},
	Title = {Assesing approximations for Gaussian Process classification},
	Year = {2005}}

@inproceedings{Roy2001,
	Author = {Roy, Nicholas and McCallum, Andrew},
	Booktitle = {ICML},
	Date-Added = {2013-04-16 16:35:16 +0000},
	Date-Modified = {2013-04-16 16:35:31 +0000},
	Pages = {441--448},
	Title = {Toward Optimal Active Learning through Sampling Estimation of Error Reduction},
	Year = {2001}}

@article{Lindley1956,
	Author = {Lindley, D.V.},
	Date-Added = {2013-04-16 16:35:16 +0000},
	Date-Modified = {2013-04-16 16:35:31 +0000},
	Journal = {The Annals of Mathematical Statistics},
	Number = {4},
	Pages = {986--1005},
	Publisher = {JSTOR},
	Title = {{On a measure of the information provided by an experiment}},
	Volume = {27},
	Year = {1956}}

@article{MacKay1992,
	Author = {MacKay, D.J.C.},
	Date-Added = {2013-04-16 16:35:16 +0000},
	Date-Modified = {2013-04-16 16:35:31 +0000},
	Journal = {Neural computation},
	Number = {4},
	Pages = {590--604},
	Publisher = {MIT Press},
	Title = {{Information-based objective functions for active data selection}},
	Volume = {4},
	Year = {1992}}

@article{Myung2009,
	Author = {Myung, J.I. and Pitt, M.A.},
	Date-Added = {2013-04-16 16:35:16 +0000},
	Date-Modified = {2013-04-16 16:35:31 +0000},
	Journal = {Psychological review},
	Number = {3},
	Pages = {499},
	Publisher = {NIH Public Access},
	Title = {{Optimal experimental design for model discrimination}},
	Volume = {116},
	Year = {2009}}

@article{Panzeri2007,
	Author = {Panzeri, S., Senatore, R., Montemurro, M.A. and Petersen, R.S.},
	Date-Added = {2013-04-16 16:35:16 +0000},
	Date-Modified = {2013-04-16 16:35:31 +0000},
	Journal = {Journal of neurophysiology},
	Number = {3},
	Pages = {1064},
	Publisher = {Am Physiological Soc},
	Title = {{Correcting for the sampling bias problem in spike train information measures}},
	Volume = {98},
	Year = {2007}}

@article{Bernardo1979,
	Author = {Bernardo, J.M.},
	Date-Added = {2013-04-16 16:35:16 +0000},
	Date-Modified = {2013-04-16 16:35:31 +0000},
	Journal = {The Annals of Statistics},
	Number = {3},
	Pages = {686--690},
	Publisher = {JSTOR},
	Title = {{Expected information as expected utility}},
	Volume = {7},
	Year = {1979}}

@article{Tong2001,
	Author = {S. Tong and D. Koller},
	Date-Added = {2013-04-16 16:35:16 +0000},
	Date-Modified = {2013-04-16 16:35:31 +0000},
	Journal = {Journal of Machine Learning Research},
	Pages = {45--66},
	Title = {Support vector machine active learning with applications to text classification},
	Volume = 2,
	Year = 2001}

@conference{Seung1992,
	Author = {Seung, HS and Opper, M. and Sompolinsky, H.},
	Booktitle = {COLT},
	Date-Added = {2013-04-16 16:35:16 +0000},
	Date-Modified = {2013-04-16 16:35:31 +0000},
	Organization = {ACM},
	Pages = {287--294},
	Title = {{Query by committee}},
	Year = {1992}}

@article{Chaloner1995,
	Author = {Chaloner, K. and Verdinelli, I.},
	Date-Added = {2013-04-16 16:35:16 +0000},
	Date-Modified = {2013-04-16 16:35:31 +0000},
	Journal = {Statistical Science},
	Number = {3},
	Pages = {273--304},
	Publisher = {JSTOR},
	Title = {{Bayesian experimental design: A review}},
	Volume = {10},
	Year = {1995}}

@article{Freund1997,
	Author = {Freund, Y. and Seung, H.S. and Shamir, E. and Tishby, N.},
	Date-Added = {2013-04-16 16:35:16 +0000},
	Date-Modified = {2013-04-16 16:35:31 +0000},
	Journal = {Machine Learning},
	Number = {2},
	Pages = {133--168},
	Publisher = {Springer},
	Title = {{Selective sampling using the query by committee algorithm}},
	Volume = {28},
	Year = {1997}}

@inproceedings{Dagan1995,
	Author = {Ido Dagan and Sean P. Engelson},
	Booktitle = {ICML},
	Date-Added = {2013-04-16 16:35:16 +0000},
	Date-Modified = {2013-04-16 16:35:31 +0000},
	Pages = {150--157},
	Publisher = {Morgan Kaufmann},
	Title = {Committee-Based Sampling For Training Probabilistic Classifiers},
	Year = {1995}}

@article{Argamon-Engelson1999,
	Author = {S. Argamon-Engelson and I. Dagan},
	Date-Added = {2013-04-16 16:35:16 +0000},
	Date-Modified = {2013-04-16 16:35:31 +0000},
	Journal = {Journal of Artificial Intelligence Research},
	Pages = {335--360},
	Title = {Committee-Based Sample Selection For Probabilistic Classifiers},
	Volume = {11},
	Year = {1999}}

@inproceedings{McCallum1998,
	Acmid = {757765},
	Address = {San Francisco, CA, USA},
	Author = {McCallum, A. and Nigam, K.},
	Booktitle = {ICML},
	Date-Added = {2013-04-16 16:35:16 +0000},
	Date-Modified = {2013-04-16 16:35:31 +0000},
	Numpages = {9},
	Pages = {350--358},
	Publisher = {Morgan Kaufmann Publishers Inc.},
	Title = {Employing EM and Pool-Based Active Learning for Text Classification},
	Year = {1998}}

@conference{Lawrence2001,
	Author = {Lawrence, N.D. and Herbrich, R.},
	Booktitle = {NIPS 2001 workshop on kernel methods},
	Date-Added = {2013-04-16 16:35:16 +0000},
	Date-Modified = {2013-04-16 16:35:31 +0000},
	Organization = {Citeseer},
	Title = {{A sparse Bayesian compression scheme-the informative vector machine}},
	Year = {2001}}

@article{St.-John1975,
	Author = {St. John, R.C. and Draper, N.R.},
	Date-Added = {2013-04-16 16:35:16 +0000},
	Date-Modified = {2013-04-16 16:35:31 +0000},
	Journal = {Technometrics},
	Number = {1},
	Pages = {15--23},
	Publisher = {JSTOR},
	Title = {{D-optimality for regression designs: a review}},
	Volume = {17},
	Year = {1975}}

@article{Jacroux1992,
	Author = {Jacroux, M.},
	Date-Added = {2013-04-16 16:35:16 +0000},
	Date-Modified = {2013-04-16 16:35:31 +0000},
	Journal = {Journal of Statistical Planning and Inference},
	Number = {3},
	Pages = {401--415},
	Publisher = {Elsevier},
	Title = {{On the A-optimality of block designs}},
	Volume = {32},
	Year = {1992}}

@article{Shewry1987,
	Author = {Shewry, M.C. and Wynn, H.P.},
	Date-Added = {2013-04-16 16:35:16 +0000},
	Date-Modified = {2013-04-16 16:35:31 +0000},
	Journal = {Journal of Applied Statistics},
	Number = {2},
	Pages = {165--170},
	Publisher = {Taylor \& Francis},
	Title = {{Maximum entropy sampling}},
	Volume = {14},
	Year = {1987}}

@article{Sebastiani2000,
	Author = {Sebastiani, P. and Wynn, H.P.},
	Date-Added = {2013-04-16 16:35:16 +0000},
	Date-Modified = {2013-04-16 16:35:31 +0000},
	Journal = {Journal of the Royal Statistical Society: Series B (Statistical Methodology)},
	Number = {1},
	Pages = {145--157},
	Publisher = {John Wiley \& Sons},
	Title = {{Maximum entropy sampling and optimal Bayesian experimental design}},
	Volume = {62},
	Year = {2000}}

@incollection{Rumelhart1988,
	Acmid = {104451},
	Address = {Cambridge, MA, USA},
	Author = {Rumelhart, David E. and Hinton, Geoffrey E. and Williams, Ronald J.},
	Chapter = {Learning representations by back-propagating errors},
	Editor = {Anderson, James A. and Rosenfeld, Edward},
	Isbn = {0-262-01097-6},
	Numpages = {4},
	Pages = {696--699},
	Publisher = {MIT Press},
	Title = {Neurocomputing: foundations of research},
	Url = {http://dl.acm.org/citation.cfm?id=65669.104451},
	Year = {1988},
	Bdsk-Url-1 = {http://dl.acm.org/citation.cfm?id=65669.104451}}

@phdthesis{Murray2007,
	Author = {Iain Murray},
	Date-Added = {2012-11-04 10:14:02 +0000},
	Date-Modified = {2012-11-04 10:14:02 +0000},
	School = {Gatsby computational neuroscience unit, University College London},
	Title = {Advances in {M}arkov chain {M}onte {C}arlo methods},
	Type = {{P}h{D} thesis},
	Year = {2007}}

@inproceedings{Minka2001,
	Author = {Minka, T.P.},
	Booktitle = {Proceedings of the Seventeenth conference on Uncertainty in artificial intelligence},
	Date-Added = {2012-10-29 05:23:07 +0000},
	Date-Modified = {2013-04-16 17:13:11 +0000},
	Organization = {Morgan Kaufmann Publishers Inc.},
	Pages = {362--369},
	Title = {Expectation propagation for approximate Bayesian inference},
	Year = {2001}}

@article{Csato2002,
	Author = {Csat{\'o}, L. and Opper, M.},
	Date-Added = {2012-10-29 05:22:46 +0000},
	Date-Modified = {2012-10-29 05:22:47 +0000},
	Journal = {Neural Computation},
	Number = {3},
	Pages = {641--668},
	Publisher = {MIT Press},
	Title = {Sparse on-line Gaussian processes},
	Volume = {14},
	Year = {2002}}

@article{Jose2008,
	Author = {Jose, V.R.R. and Nau, R.F. and Winkler, R.L.},
	Date-Added = {2012-10-22 17:56:53 +0000},
	Date-Modified = {2012-10-22 17:56:53 +0000},
	Journal = {Operations Research},
	Number = {5},
	Pages = {1146--1157},
	Publisher = {INFORMS},
	Title = {Scoring rules, generalized entropy, and utility maximization},
	Volume = {56},
	Year = {2008}}

@article{Amari2010,
	Author = {Amari, S. and Cichocki, A.},
	Date-Added = {2012-10-22 17:54:03 +0000},
	Date-Modified = {2012-10-22 17:54:04 +0000},
	Journal = {Bulletin of the Polish Academy of Sciences: Technical Sciences},
	Number = {1},
	Pages = {183--195},
	Publisher = {Versita},
	Title = {Information geometry of divergence functions},
	Volume = {58},
	Year = {2010}}

@article{Chen2012,
	Author = {Chen, Y. and Welling, M. and Smola, A.},
	Date-Added = {2012-10-17 18:51:28 +0000},
	Date-Modified = {2012-10-17 18:51:28 +0000},
	Journal = {arXiv preprint arXiv:1203.3472},
	Title = {Super-samples from kernel herding},
	Year = {2012}}

@article{Sriperumbudur2008,
	Author = {Sriperumbudur, B.K. and Gretton, A. and Fukumizu, K. and Lanckriet, G. and Sch{\"o}lkopf, B.},
	Date-Added = {2012-10-17 18:49:48 +0000},
	Date-Modified = {2012-10-17 18:49:48 +0000},
	Publisher = {Omnipress},
	Title = {Injective Hilbert space embeddings of probability measures},
	Year = {2008}}

@book{Ord1999,
	Author = {Ord, J.K. and Arnold, S.F. and O'Hagan, A. and Forster, J.},
	Date-Added = {2012-10-17 18:49:08 +0000},
	Date-Modified = {2012-10-17 18:49:09 +0000},
	Publisher = {A. Arnold},
	Title = {Kendall's advanced theory of statistics},
	Year = {1999}}

@article{Dudley1974,
	Author = {Dudley, R.M.},
	Date-Added = {2012-10-17 18:48:26 +0000},
	Date-Modified = {2012-10-17 18:48:27 +0000},
	Journal = {Journal of Approximation Theory},
	Number = {3},
	Pages = {227--236},
	Publisher = {Elsevier},
	Title = {Metric entropy of some classes of sets with differentiable boundaries},
	Volume = {10},
	Year = {1974}}

@article{Barrio1999,
	Author = {del Barrio, E. and Cuesta-Albertos, J.A. and Matr{\'a}n, C. and Rodr{\'\i}guez-Rodr{\'\i}guez, J. and others},
	Date-Added = {2012-10-17 18:48:00 +0000},
	Date-Modified = {2012-10-17 18:48:01 +0000},
	Journal = {The Annals of Statistics},
	Number = {4},
	Pages = {1230--1239},
	Publisher = {Institute of Mathematical Statistics},
	Title = {Tests of goodness of fit based on the $ L\_2 $-Wasserstein distance},
	Volume = {27},
	Year = {1999}}

@article{Sriperumbudur2009,
	Author = {Sriperumbudur, B.K. and Fukumizu, K. and Gretton, A. and Sch{\"o}lkopf, B. and Lanckriet, G.R.G.},
	Date-Added = {2012-10-17 18:46:47 +0000},
	Date-Modified = {2012-10-17 18:46:48 +0000},
	Journal = {arXiv preprint arXiv:0901.2698},
	Title = {On integral probability metrics,$\backslash$ phi-divergences and binary classification},
	Year = {2009}}

@article{Fukumizu2010,
	Author = {Fukumizu, K. and Song, L. and Gretton, A.},
	Date-Added = {2012-10-17 18:45:41 +0000},
	Date-Modified = {2012-10-17 18:45:42 +0000},
	Journal = {arXiv preprint arXiv:1009.5736},
	Title = {Kernel Bayes' rule},
	Year = {2010}}

@inproceedings{Smola2007,
	Author = {Smola, A. and Gretton, A. and Song, L. and Sch{\"o}lkopf, B.},
	Booktitle = {Algorithmic Learning Theory},
	Date-Added = {2012-10-17 18:45:19 +0000},
	Date-Modified = {2012-10-17 18:45:19 +0000},
	Organization = {Springer},
	Pages = {13--31},
	Title = {A Hilbert space embedding for distributions},
	Year = {2007}}

@article{Gretton2012,
	Author = {Gretton, A. and Borgwardt, K.M. and Rasch, M.J. and Sch{\"o}lkopf, B. and Smola, A.},
	Date-Added = {2012-10-17 18:43:58 +0000},
	Date-Modified = {2012-10-17 18:43:59 +0000},
	Journal = {The Journal of Machine Learning Research},
	Pages = {723--773},
	Publisher = {JMLR. org},
	Title = {A kernel two-sample test},
	Volume = {13},
	Year = {2012}}

@article{Gneiting2007,
	Author = {Gneiting, T. and Raftery, A.E.},
	Date-Added = {2012-10-17 18:34:40 +0000},
	Date-Modified = {2012-10-17 18:34:41 +0000},
	Journal = {Journal of the American Statistical Association},
	Number = {477},
	Pages = {359--378},
	Publisher = {American Statistical Association},
	Title = {Strictly proper scoring rules, prediction, and estimation},
	Volume = {102},
	Year = {2007}}

@article{Dawid2007,
	Author = {Dawid, A.P.},
	Date-Added = {2012-10-17 18:29:26 +0000},
	Date-Modified = {2012-10-17 18:29:33 +0000},
	Journal = {Annals of the Institute of Statistical Mathematics},
	Number = {1},
	Pages = {77--93},
	Publisher = {Springer},
	Title = {The geometry of proper scoring rules},
	Volume = {59},
	Year = {2007}}

@unpublished{Good1971,
	Author = {Good, Irving John},
	Date-Added = {2012-10-17 18:24:40 +0000},
	Date-Modified = {2012-10-17 18:27:33 +0000},
	Note = {discussion paper},
	Title = {discussion of Proper Scores for Probability Forecasters by Hendrickson and Buehler},
	Year = {1971}}

@article{Spiegelhalter2006,
	Author = {Spiegelhalter, D.J.},
	Date-Added = {2012-10-17 18:16:53 +0000},
	Date-Modified = {2012-10-17 18:16:55 +0000},
	Journal = {Statistics in Medicine},
	Number = {5},
	Pages = {421--433},
	Publisher = {Wiley Online Library},
	Title = {Probabilistic prediction in patient management and clinical trials},
	Volume = {5},
	Year = {2006}}

@article{Redelmeier1991,
	Author = {Redelmeier, D.A. and Bloch, D.A. and Hickam, D.H.},
	Date-Added = {2012-10-17 18:15:46 +0000},
	Date-Modified = {2012-10-17 18:15:47 +0000},
	Journal = {Journal of Clinical Epidemiology},
	Number = {11},
	Pages = {1141--1146},
	Publisher = {Elsevier},
	Title = {Assessing predictive accuracy: how to compare Brier scores},
	Volume = {44},
	Year = {1991}}

@article{Ferro2007,
	Author = {Ferro, C.A.T.},
	Date-Added = {2012-10-17 18:13:03 +0000},
	Date-Modified = {2012-10-17 18:13:04 +0000},
	Journal = {Weather and Forecasting},
	Number = {5},
	Pages = {1076--1088},
	Title = {Comparing probabilistic forecasting systems with the Brier score},
	Volume = {22},
	Year = {2007}}

@article{Brier1950,
	Author = {Brier, G.W.},
	Date-Added = {2012-10-17 18:06:57 +0000},
	Date-Modified = {2012-10-17 18:07:01 +0000},
	Journal = {Monthly weather review},
	Number = {1},
	Pages = {1--3},
	Title = {Verification of forecasts expressed in terms of probability},
	Volume = {78},
	Year = {1950}}

@inproceedings{Csiszar2004,
	Author = {Csisz{\'a}r, I. and Talata, Z.},
	Booktitle = {Information Theory, 2004. ISIT 2004. Proceedings. International Symposium on},
	Date-Added = {2012-10-17 18:06:06 +0000},
	Date-Modified = {2012-10-17 18:06:07 +0000},
	Organization = {IEEE},
	Pages = {170},
	Title = {Consistent estimation of the basic neighborhood of Markov random fields},
	Year = {2004}}

@article{Comets1992,
	Author = {Comets, F.},
	Date-Added = {2012-10-17 18:00:29 +0000},
	Date-Modified = {2012-10-17 18:00:30 +0000},
	Journal = {The Annals of Statistics},
	Pages = {455--468},
	Publisher = {JSTOR},
	Title = {On consistency of a class of estimators for exponential families of Markov random fields on the lattice},
	Year = {1992}}

@article{Hyvarinen2006,
	Author = {Hyv{\"a}rinen, A.},
	Date-Added = {2012-10-17 17:57:12 +0000},
	Date-Modified = {2012-10-17 17:57:13 +0000},
	Journal = {Neural Computation},
	Number = {10},
	Pages = {2283--2292},
	Publisher = {MIT Press},
	Title = {Consistency of pseudolikelihood estimation of fully visible Boltzmann machines},
	Volume = {18},
	Year = {2006}}

@inproceedings{Poczos2011,
	Author = {P{\'o}czos, B. and Schneider, J.},
	Booktitle = {Proc. 14th Int. Conf. AI and Stat.(Fort Lauderdale, FL, 11--13 April 2011,)},
	Date-Added = {2012-10-17 17:56:03 +0000},
	Date-Modified = {2012-10-17 17:56:04 +0000},
	Pages = {609--17},
	Title = {On the estimation of $\alpha$-divergences},
	Year = {2011}}

@article{Besag1977,
	Author = {Besag, J.},
	Date-Added = {2012-10-17 17:50:36 +0000},
	Date-Modified = {2012-10-17 17:50:38 +0000},
	Journal = {Biometrika},
	Pages = {616--618},
	Publisher = {JSTOR},
	Title = {Efficiency of pseudolikelihood estimation for simple Gaussian fields},
	Year = {1977}}

@article{Dawid2012,
	Author = {Dawid, A.P. and Lauritzen, S. and Parry, M.},
	Date-Added = {2012-10-17 06:51:46 +0000},
	Date-Modified = {2012-10-17 06:51:48 +0000},
	Journal = {The Annals of Statistics},
	Number = {1},
	Pages = {593--608},
	Publisher = {Institute of Mathematical Statistics},
	Title = {Proper local scoring rules on discrete sample spaces},
	Volume = {40},
	Year = {2012}}

@article{Parry2012,
	Author = {Matthew Parry and A. Philip Dawid and Steffen Lauritzen},
	Date-Added = {2012-10-17 06:47:00 +0000},
	Date-Modified = {2012-10-17 06:48:17 +0000},
	Journal = {Annals of Statistics},
	Number = {1},
	Pages = {561-592},
	Title = {Proper local scoring rules},
	Volume = {40},
	Year = {2012}}

@book{MacKay2002,
	Address = {New York, NY, USA},
	Author = {MacKay, David J. C.},
	Date-Added = {2012-10-17 06:35:56 +0000},
	Date-Modified = {2012-10-17 06:35:58 +0000},
	Isbn = {0521642981},
	Publisher = {Cambridge University Press},
	Title = {Information Theory, Inference \& Learning Algorithms},
	Year = {2002}}

@article{Shannon1948,
	Added-At = {2012-07-13T11:58:17.000+0200},
	Author = {Shannon, Claude E.},
	Biburl = {http://www.bibsonomy.org/bibtex/27260eb4c77ccb9aa5f7ada66cffbbf59/jabreftest},
	Date-Added = {2012-10-17 06:34:05 +0000},
	Date-Modified = {2013-04-16 16:34:35 +0000},
	File = {Shannon1948.pdf:1948/Shannon1948.pdf:PDF},
	Groups = {public},
	Interhash = {754130207906fcec16a53d330eeff348},
	Intrahash = {7260eb4c77ccb9aa5f7ada66cffbbf59},
	Journal = {Bell System Technical Journal},
	Pages = {379--423},
	Timestamp = {2012-07-13T11:58:17.000+0200},
	Title = {A mathematical theory of communication},
	Username = {jabreftest},
	Volume = 27,
	Year = 1948}

@inproceedings{Geman1986,
	Author = {Geman, S. and Graffigne, C.},
	Booktitle = {Proceedings of the International Congress of Mathematicians},
	Date-Added = {2012-10-17 06:31:36 +0000},
	Date-Modified = {2012-10-17 06:34:36 +0000},
	Organization = {AMS, Providence, RI},
	Pages = {2},
	Title = {Markov random field image models and their applications to computer vision},
	Volume = {1},
	Year = {1986}}
